%% This BibTeX bibliography file was created using BibDesk.
%% http://bibdesk.sourceforge.net/


%% Created for Jeremy R. Johnson at 2015-01-13 22:48:24 -0600 


%% Saved with string encoding Unicode (UTF-8) 



@article{Gelman1992,
	Author = {Gelman, Andrew and Rubin, Donald B},
	Date-Added = {2015-01-14 04:47:36 +0000},
	Date-Modified = {2015-01-14 04:47:43 +0000},
	Journal = {Statistical science},
	Pages = {457--472},
	Publisher = {JSTOR},
	Title = {Inference from iterative simulation using multiple sequences},
	Year = {1992}}

@article{Heidelberger1983,
	Author = {Heidelberger, Philip and Welch, Peter D},
	Date-Added = {2015-01-14 04:46:31 +0000},
	Date-Modified = {2015-01-14 04:46:40 +0000},
	Journal = {Operations Research},
	Number = {6},
	Pages = {1109--1144},
	Publisher = {INFORMS},
	Title = {Simulation run length control in the presence of an initial transient},
	Volume = {31},
	Year = {1983}}

@article{Heidelberger1981,
	Author = {Heidelberger, Philip and Welch, Peter D},
	Date-Added = {2015-01-14 04:45:09 +0000},
	Date-Modified = {2015-01-14 04:45:22 +0000},
	Journal = {Communications of the ACM},
	Number = {4},
	Pages = {233--245},
	Publisher = {ACM},
	Title = {A spectral method for confidence interval generation and run length control in simulations},
	Volume = {24},
	Year = {1981}}

@book{Geweke1991,
	Author = {Geweke, John and others},
	Date-Added = {2015-01-14 04:43:57 +0000},
	Date-Modified = {2015-01-14 04:44:10 +0000},
	Publisher = {Federal Reserve Bank of Minneapolis, Research Department},
	Title = {Evaluating the accuracy of sampling-based approaches to the calculation of posterior moments},
	Volume = {196},
	Year = {1991}}

@manual{R-Core-Team2014,
	Address = {Vienna, Austria},
	Author = {{R Core Team}},
	Date-Added = {2015-01-14 04:39:05 +0000},
	Date-Modified = {2015-01-14 04:39:07 +0000},
	Organization = {R Foundation for Statistical Computing},
	Title = {R: A Language and Environment for Statistical Computing},
	Url = {http://www.R-project.org/},
	Year = {2014},
	Bdsk-Url-1 = {http://www.R-project.org/}}

@manual{Plummer2014,
	Author = {Martyn Plummer},
	Date-Added = {2015-01-14 04:37:50 +0000},
	Date-Modified = {2015-01-14 04:37:51 +0000},
	Note = {R package version 3-14},
	Title = {rjags: Bayesian graphical models using MCMC},
	Url = {http://CRAN.R-project.org/package=rjags},
	Year = {2014},
	Bdsk-Url-1 = {http://CRAN.R-project.org/package=rjags}}

@article{Schnakenberg2014,
	Author = {Schnakenberg, Keith E and Fariss, Christopher J},
	Date-Added = {2015-01-07 17:49:40 +0000},
	Date-Modified = {2015-01-07 17:51:01 +0000},
	Journal = {Political Science Research and Methods},
	Number = {01},
	Pages = {1--31},
	Publisher = {Cambridge Univ Press},
	Title = {Dynamic Patterns of Human Rights Practices},
	Volume = {2},
	Year = {2014},
	Bdsk-File-1 = {YnBsaXN0MDDUAQIDBAUGJCVYJHZlcnNpb25YJG9iamVjdHNZJGFyY2hpdmVyVCR0b3ASAAGGoKgHCBMUFRYaIVUkbnVsbNMJCgsMDxJXTlMua2V5c1pOUy5vYmplY3RzViRjbGFzc6INDoACgAOiEBGABIAFgAdccmVsYXRpdmVQYXRoWWFsaWFzRGF0YV8QaC4uLy4uLy4uL1NjaG9vbCBTdHVmZi9PbGQgU2Nob29sIFN0dWZmL1Blbm4gU3RhdGUvNTQxLVN0YXRlIFBvbGl0aWNzLzU0MSBQYXBlci9NZXRob2RzIFBhcGVycy9GYXJpc3MucGRm0hcLGBlXTlMuZGF0YU8RAjYAAAAAAjYAAgAADE1hY2ludG9zaCBIRAAAAAAAAAAAAAAAAAAAAM1kxIpIKwAAAL3J4gpGYXJpc3MucGRmAAAAAAAAAAAAAAAAAAAAAAAAAAAAAAAAAAAAAAAAAAAAAAAAAAAAAAAAAAAAAAAAAAAAAAAAveM+z31zJgAAAAAAAAAAAAMABwAACSAAAAAAAAAAAAAAAAAAAAAOTWV0aG9kcyBQYXBlcnMAEAAIAADNZQraAAAAEQAIAADPfbl2AAAAAQAkAL3J4gB0JmMAaxyFAGFNmwAJ+u8ACezZAAmzXgAJpjwAAhDpAAIAik1hY2ludG9zaCBIRDpVc2VyczoASmVyZW15OgBEcm9wYm94OgBTY2hvb2wgU3R1ZmY6AE9sZCBTY2hvb2wgU3R1ZmY6AFBlbm4gU3RhdGU6ADU0MS1TdGF0ZSBQb2xpdGljczoANTQxIFBhcGVyOgBNZXRob2RzIFBhcGVyczoARmFyaXNzLnBkZgAOABYACgBGAGEAcgBpAHMAcwAuAHAAZABmAA8AGgAMAE0AYQBjAGkAbgB0AG8AcwBoACAASABEABIAdFVzZXJzL0plcmVteS9Ecm9wYm94L1NjaG9vbCBTdHVmZi9PbGQgU2Nob29sIFN0dWZmL1Blbm4gU3RhdGUvNTQxLVN0YXRlIFBvbGl0aWNzLzU0MSBQYXBlci9NZXRob2RzIFBhcGVycy9GYXJpc3MucGRmABMAAS8AABUAAgAN//8AAIAG0hscHR5aJGNsYXNzbmFtZVgkY2xhc3Nlc11OU011dGFibGVEYXRhox0fIFZOU0RhdGFYTlNPYmplY3TSGxwiI1xOU0RpY3Rpb25hcnmiIiBfEA9OU0tleWVkQXJjaGl2ZXLRJidUcm9vdIABAAgAEQAaACMALQAyADcAQABGAE0AVQBgAGcAagBsAG4AcQBzAHUAdwCEAI4A+QD+AQYDQANCA0cDUgNbA2kDbQN0A30DggOPA5IDpAOnA6wAAAAAAAACAQAAAAAAAAAoAAAAAAAAAAAAAAAAAAADrg==}}

@techreport{SCO1987,
	Address = {Washington, D.C.},
	Author = {Geoff Gallas and David B. Rottman and Robert T. Roper and Dixie Knoebel and Cath Meek and Margaret Carlini and Kelly Smith},
	Date-Added = {2015-01-04 23:46:50 +0000},
	Date-Modified = {2015-01-04 23:48:00 +0000},
	Institution = {National Center for State Courts},
	Title = {State Court Organization 1987},
	Year = {1987},
	Bdsk-File-1 = {YnBsaXN0MDDUAQIDBAUGJCVYJHZlcnNpb25YJG9iamVjdHNZJGFyY2hpdmVyVCR0b3ASAAGGoKgHCBMUFRYaIVUkbnVsbNMJCgsMDxJXTlMua2V5c1pOUy5vYmplY3RzViRjbGFzc6INDoACgAOiEBGABIAFgAdccmVsYXRpdmVQYXRoWWFsaWFzRGF0YV8QPy4uLy4uL2p1ZGdlc2xhdGVudC1yZXBvL05ldyBNb2RlbCBEYXRhL0RvY2tldCBDb250cm9sL3Njbzg3LnBkZtIXCxgZV05TLmRhdGFPEQHyAAAAAAHyAAIAAAxNYWNpbnRvc2ggSEQAAAAAAAAAAAAAAAAAAADNZMSKSCsAAAG0IjEJc2NvODcucGRmAAAAAAAAAAAAAAAAAAAAAAAAAAAAAAAAAAAAAAAAAAAAAAAAAAAAAAAAAAAAAAAAAAAAAAAAAbRCB8vgIhAAAAAAAAAAAAACAAQAAAkgAAAAAAAAAAAAAAAAAAAADkRvY2tldCBDb250cm9sABAACAAAzWUK2gAAABEACAAAy+BoYAAAAAEAHAG0IjEBk+suAKbQTgCm+icACbNeAAmmPAACEOkAAgBrTWFjaW50b3NoIEhEOlVzZXJzOgBKZXJlbXk6AERyb3Bib3g6AEdpdFJlcG9zOgBqdWRnZXNsYXRlbnQtcmVwbzoATmV3IE1vZGVsIERhdGE6AERvY2tldCBDb250cm9sOgBzY284Ny5wZGYAAA4AFAAJAHMAYwBvADgANwAuAHAAZABmAA8AGgAMAE0AYQBjAGkAbgB0AG8AcwBoACAASABEABIAV1VzZXJzL0plcmVteS9Ecm9wYm94L0dpdFJlcG9zL2p1ZGdlc2xhdGVudC1yZXBvL05ldyBNb2RlbCBEYXRhL0RvY2tldCBDb250cm9sL3Njbzg3LnBkZgAAEwABLwAAFQACAA3//wAAgAbSGxwdHlokY2xhc3NuYW1lWCRjbGFzc2VzXU5TTXV0YWJsZURhdGGjHR8gVk5TRGF0YVhOU09iamVjdNIbHCIjXE5TRGljdGlvbmFyeaIiIF8QD05TS2V5ZWRBcmNoaXZlctEmJ1Ryb290gAEACAARABoAIwAtADIANwBAAEYATQBVAGAAZwBqAGwAbgBxAHMAdQB3AIQAjgDQANUA3QLTAtUC2gLlAu4C/AMAAwcDEAMVAyIDJQM3AzoDPwAAAAAAAAIBAAAAAAAAACgAAAAAAAAAAAAAAAAAAANB}}

@techreport{BJS1993,
	Address = {Washington, D.C.},
	Author = {David B. Rottman and Carol R. Flango and R. Shedina Lockley},
	Date-Added = {2015-01-04 23:20:48 +0000},
	Date-Modified = {2015-01-04 23:21:21 +0000},
	Institution = {Bureau of Justice Statistics},
	Title = {State Court Organization 1993},
	Year = {1993},
	Bdsk-File-1 = {YnBsaXN0MDDUAQIDBAUGJCVYJHZlcnNpb25YJG9iamVjdHNZJGFyY2hpdmVyVCR0b3ASAAGGoKgHCBMUFRYaIVUkbnVsbNMJCgsMDxJXTlMua2V5c1pOUy5vYmplY3RzViRjbGFzc6INDoACgAOiEBGABIAFgAdccmVsYXRpdmVQYXRoWWFsaWFzRGF0YV8QPy4uLy4uL2p1ZGdlc2xhdGVudC1yZXBvL05ldyBNb2RlbCBEYXRhL0RvY2tldCBDb250cm9sL3NjbzkzLnBkZtIXCxgZV05TLmRhdGFPEQHyAAAAAAHyAAIAAAxNYWNpbnRvc2ggSEQAAAAAAAAAAAAAAAAAAADNZMSKSCsAAAG0IjEJc2NvOTMucGRmAAAAAAAAAAAAAAAAAAAAAAAAAAAAAAAAAAAAAAAAAAAAAAAAAAAAAAAAAAAAAAAAAAAAAAAAAbRCBcvgIyYAAAAAAAAAAAACAAQAAAkgAAAAAAAAAAAAAAAAAAAADkRvY2tldCBDb250cm9sABAACAAAzWUK2gAAABEACAAAy+BpdgAAAAEAHAG0IjEBk+suAKbQTgCm+icACbNeAAmmPAACEOkAAgBrTWFjaW50b3NoIEhEOlVzZXJzOgBKZXJlbXk6AERyb3Bib3g6AEdpdFJlcG9zOgBqdWRnZXNsYXRlbnQtcmVwbzoATmV3IE1vZGVsIERhdGE6AERvY2tldCBDb250cm9sOgBzY285My5wZGYAAA4AFAAJAHMAYwBvADkAMwAuAHAAZABmAA8AGgAMAE0AYQBjAGkAbgB0AG8AcwBoACAASABEABIAV1VzZXJzL0plcmVteS9Ecm9wYm94L0dpdFJlcG9zL2p1ZGdlc2xhdGVudC1yZXBvL05ldyBNb2RlbCBEYXRhL0RvY2tldCBDb250cm9sL3NjbzkzLnBkZgAAEwABLwAAFQACAA3//wAAgAbSGxwdHlokY2xhc3NuYW1lWCRjbGFzc2VzXU5TTXV0YWJsZURhdGGjHR8gVk5TRGF0YVhOU09iamVjdNIbHCIjXE5TRGljdGlvbmFyeaIiIF8QD05TS2V5ZWRBcmNoaXZlctEmJ1Ryb290gAEACAARABoAIwAtADIANwBAAEYATQBVAGAAZwBqAGwAbgBxAHMAdQB3AIQAjgDQANUA3QLTAtUC2gLlAu4C/AMAAwcDEAMVAyIDJQM3AzoDPwAAAAAAAAIBAAAAAAAAACgAAAAAAAAAAAAAAAAAAANB}}

@techreport{BJS1998,
	Address = {Washington, D.C.},
	Author = {David B. Rottman and Carol R. Flango and Melissa T. Cantrell and Randall Hansen and Neil LaFountain},
	Date-Added = {2015-01-04 23:19:44 +0000},
	Date-Modified = {2015-01-04 23:21:42 +0000},
	Institution = {Bureau of Justice Statistics},
	Title = {State Court Organization 1998},
	Year = {1998},
	Bdsk-File-1 = {YnBsaXN0MDDUAQIDBAUGJCVYJHZlcnNpb25YJG9iamVjdHNZJGFyY2hpdmVyVCR0b3ASAAGGoKgHCBMUFRYaIVUkbnVsbNMJCgsMDxJXTlMua2V5c1pOUy5vYmplY3RzViRjbGFzc6INDoACgAOiEBGABIAFgAdccmVsYXRpdmVQYXRoWWFsaWFzRGF0YV8QPy4uLy4uL2p1ZGdlc2xhdGVudC1yZXBvL05ldyBNb2RlbCBEYXRhL0RvY2tldCBDb250cm9sL3Njbzk4LnBkZtIXCxgZV05TLmRhdGFPEQHyAAAAAAHyAAIAAAxNYWNpbnRvc2ggSEQAAAAAAAAAAAAAAAAAAADNZMSKSCsAAAG0IjEJc2NvOTgucGRmAAAAAAAAAAAAAAAAAAAAAAAAAAAAAAAAAAAAAAAAAAAAAAAAAAAAAAAAAAAAAAAAAAAAAAAAAbRCCcvhajgAAAAAAAAAAAACAAQAAAkgAAAAAAAAAAAAAAAAAAAADkRvY2tldCBDb250cm9sABAACAAAzWUK2gAAABEACAAAy+GwiAAAAAEAHAG0IjEBk+suAKbQTgCm+icACbNeAAmmPAACEOkAAgBrTWFjaW50b3NoIEhEOlVzZXJzOgBKZXJlbXk6AERyb3Bib3g6AEdpdFJlcG9zOgBqdWRnZXNsYXRlbnQtcmVwbzoATmV3IE1vZGVsIERhdGE6AERvY2tldCBDb250cm9sOgBzY285OC5wZGYAAA4AFAAJAHMAYwBvADkAOAAuAHAAZABmAA8AGgAMAE0AYQBjAGkAbgB0AG8AcwBoACAASABEABIAV1VzZXJzL0plcmVteS9Ecm9wYm94L0dpdFJlcG9zL2p1ZGdlc2xhdGVudC1yZXBvL05ldyBNb2RlbCBEYXRhL0RvY2tldCBDb250cm9sL3Njbzk4LnBkZgAAEwABLwAAFQACAA3//wAAgAbSGxwdHlokY2xhc3NuYW1lWCRjbGFzc2VzXU5TTXV0YWJsZURhdGGjHR8gVk5TRGF0YVhOU09iamVjdNIbHCIjXE5TRGljdGlvbmFyeaIiIF8QD05TS2V5ZWRBcmNoaXZlctEmJ1Ryb290gAEACAARABoAIwAtADIANwBAAEYATQBVAGAAZwBqAGwAbgBxAHMAdQB3AIQAjgDQANUA3QLTAtUC2gLlAu4C/AMAAwcDEAMVAyIDJQM3AzoDPwAAAAAAAAIBAAAAAAAAACgAAAAAAAAAAAAAAAAAAANB}}

@url{AJS,
	Date-Added = {2015-01-04 17:31:33 +0000},
	Date-Modified = {2015-01-04 17:31:33 +0000},
	Howpublished = {Online},
	Lastchecked = {\today},
	Organization = {American Judicature Society},
	Title = {Judicial Selection in the States},
	Url = {http://www.judicialselection.us/},
	Year = {2014},
	Bdsk-Url-1 = {http://www.judicialselection.us/}}

@techreport{BJS2004,
	Address = {Washington, D.C.},
	Author = {David B. Rottman and Shauna M. Strickland},
	Date-Added = {2015-01-04 17:13:49 +0000},
	Date-Modified = {2015-01-04 17:14:45 +0000},
	Institution = {Bureau of Justice Statistics},
	Title = {State Court Organization 2004},
	Year = {2004},
	Bdsk-File-1 = {YnBsaXN0MDDUAQIDBAUGJCVYJHZlcnNpb25YJG9iamVjdHNZJGFyY2hpdmVyVCR0b3ASAAGGoKgHCBMUFRYaIVUkbnVsbNMJCgsMDxJXTlMua2V5c1pOUy5vYmplY3RzViRjbGFzc6INDoACgAOiEBGABIAFgAdccmVsYXRpdmVQYXRoWWFsaWFzRGF0YV8QPy4uLy4uL2p1ZGdlc2xhdGVudC1yZXBvL05ldyBNb2RlbCBEYXRhL0RvY2tldCBDb250cm9sL3NjbzA0LnBkZtIXCxgZV05TLmRhdGFPEQHyAAAAAAHyAAIAAAxNYWNpbnRvc2ggSEQAAAAAAAAAAAAAAAAAAADNZMSKSCsAAAG0IjEJc2NvMDQucGRmAAAAAAAAAAAAAAAAAAAAAAAAAAAAAAAAAAAAAAAAAAAAAAAAAAAAAAAAAAAAAAAAAAAAAAAAAbV1R8tz6GwAAAAAAAAAAAACAAQAAAkgAAAAAAAAAAAAAAAAAAAADkRvY2tldCBDb250cm9sABAACAAAzWUK2gAAABEACAAAy3Q8zAAAAAEAHAG0IjEBk+suAKbQTgCm+icACbNeAAmmPAACEOkAAgBrTWFjaW50b3NoIEhEOlVzZXJzOgBKZXJlbXk6AERyb3Bib3g6AEdpdFJlcG9zOgBqdWRnZXNsYXRlbnQtcmVwbzoATmV3IE1vZGVsIERhdGE6AERvY2tldCBDb250cm9sOgBzY28wNC5wZGYAAA4AFAAJAHMAYwBvADAANAAuAHAAZABmAA8AGgAMAE0AYQBjAGkAbgB0AG8AcwBoACAASABEABIAV1VzZXJzL0plcmVteS9Ecm9wYm94L0dpdFJlcG9zL2p1ZGdlc2xhdGVudC1yZXBvL05ldyBNb2RlbCBEYXRhL0RvY2tldCBDb250cm9sL3NjbzA0LnBkZgAAEwABLwAAFQACAA3//wAAgAbSGxwdHlokY2xhc3NuYW1lWCRjbGFzc2VzXU5TTXV0YWJsZURhdGGjHR8gVk5TRGF0YVhOU09iamVjdNIbHCIjXE5TRGljdGlvbmFyeaIiIF8QD05TS2V5ZWRBcmNoaXZlctEmJ1Ryb290gAEACAARABoAIwAtADIANwBAAEYATQBVAGAAZwBqAGwAbgBxAHMAdQB3AIQAjgDQANUA3QLTAtUC2gLlAu4C/AMAAwcDEAMVAyIDJQM3AzoDPwAAAAAAAAIBAAAAAAAAACgAAAAAAAAAAAAAAAAAAANB}}

@article{Olsson1979,
	Author = {Olsson, Ulf},
	Date-Added = {2014-12-19 23:38:52 +0000},
	Date-Modified = {2014-12-19 23:39:03 +0000},
	Journal = {Psychometrika},
	Number = {4},
	Pages = {443--460},
	Publisher = {Springer},
	Title = {Maximum likelihood estimation of the polychoric correlation coefficient},
	Volume = {44},
	Year = {1979}}

@article{Voigt2007,
	Author = {Voigt, Stefan and Hayo, Bernd},
	Date-Added = {2014-12-19 23:21:09 +0000},
	Date-Modified = {2014-12-19 23:22:16 +0000},
	Journal = {International Review of Law and Economics},
	Pages = {269-290},
	Title = {Explaining de facto Judicial Independence},
	Volume = {27},
	Year = {2007}}

@article{Polity,
	Author = {Marshall, Monty G and Jaggers, Keith},
	Date-Added = {2014-12-19 22:17:49 +0000},
	Date-Modified = {2014-12-19 22:18:02 +0000},
	Title = {Polity IV project: Political regime characteristics and transitions, 1800-2002},
	Year = {2002}}

@article{Keith2002a,
	Author = {Keith, Linda Camp},
	Date-Added = {2014-12-19 21:56:38 +0000},
	Date-Modified = {2014-12-19 21:56:46 +0000},
	Journal = {Political Research Quarterly},
	Number = {1},
	Pages = {111--143},
	Publisher = {Sage Publications},
	Title = {Constitutional Provisions for Individual Human Rights (1977-1996): Are They More than Mere ``Window Dressing?''},
	Volume = {55},
	Year = {2002}}

@article{Keith2002b,
	Author = {Linda Camp Keith},
	Date-Added = {2014-12-19 21:53:48 +0000},
	Date-Modified = {2014-12-19 21:57:35 +0000},
	Journal = {Judicature},
	Number = {4},
	Pages = {195-200},
	Title = {Judicial Independence and Human Rights Protection Around the World},
	Volume = {85},
	Year = {2002},
	Bdsk-File-1 = {YnBsaXN0MDDUAQIDBAUGJCVYJHZlcnNpb25YJG9iamVjdHNZJGFyY2hpdmVyVCR0b3ASAAGGoKgHCBMUFRYaIVUkbnVsbNMJCgsMDxJXTlMua2V5c1pOUy5vYmplY3RzViRjbGFzc6INDoACgAOiEBGABIAFgAdccmVsYXRpdmVQYXRoWWFsaWFzRGF0YV8QWC4uLy4uLy4uL1NjaG9vbCBTdHVmZi9DdXJyZW50IENsYXNzZXMvSW5kZXBlbmRlbmNlIFBhcGVyL0xpdCBSZXZpZXcvS2VpdGggSnVkaWNhdHVyZS5wZGbSFwsYGVdOUy5kYXRhTxECHAAAAAACHAACAAAMTWFjaW50b3NoIEhEAAAAAAAAAAAAAAAAAAAAzWTEikgrAAABbLlSFEtlaXRoIEp1ZGljYXR1cmUucGRmAAAAAAAAAAAAAAAAAAAAAAAAAAAAAAAAAAAAAAAAAAAAAAAAAAAAAAAAAAFTh2DQPPHcAAAAAAAAAAAAAwAFAAAJIAAAAAAAAAAAAAAAAAAAAApMaXQgUmV2aWV3ABAACAAAzWUK2gAAABEACAAA0D04LAAAAAEAHAFsuVIBRV/fAAns3AAJ7NkACbNeAAmmPAACEOkAAgB4TWFjaW50b3NoIEhEOlVzZXJzOgBKZXJlbXk6AERyb3Bib3g6AFNjaG9vbCBTdHVmZjoAQ3VycmVudCBDbGFzc2VzOgBJbmRlcGVuZGVuY2UgUGFwZXI6AExpdCBSZXZpZXc6AEtlaXRoIEp1ZGljYXR1cmUucGRmAA4AKgAUAEsAZQBpAHQAaAAgAEoAdQBkAGkAYwBhAHQAdQByAGUALgBwAGQAZgAPABoADABNAGEAYwBpAG4AdABvAHMAaAAgAEgARAASAGRVc2Vycy9KZXJlbXkvRHJvcGJveC9TY2hvb2wgU3R1ZmYvQ3VycmVudCBDbGFzc2VzL0luZGVwZW5kZW5jZSBQYXBlci9MaXQgUmV2aWV3L0tlaXRoIEp1ZGljYXR1cmUucGRmABMAAS8AABUAAgAN//8AAIAG0hscHR5aJGNsYXNzbmFtZVgkY2xhc3Nlc11OU011dGFibGVEYXRhox0fIFZOU0RhdGFYTlNPYmplY3TSGxwiI1xOU0RpY3Rpb25hcnmiIiBfEA9OU0tleWVkQXJjaGl2ZXLRJidUcm9vdIABAAgAEQAaACMALQAyADcAQABGAE0AVQBgAGcAagBsAG4AcQBzAHUAdwCEAI4A6QDuAPYDFgMYAx0DKAMxAz8DQwNKA1MDWANlA2gDegN9A4IAAAAAAAACAQAAAAAAAAAoAAAAAAAAAAAAAAAAAAADhA==}}

@inbook{Schmidhauser1987,
	Author = {Schmidhauser, John R},
	Chapter = {Alternative conceptual frameworks in comparative cross-national legal and judicial research},
	Date-Added = {2014-12-19 21:42:34 +0000},
	Date-Modified = {2014-12-19 21:44:32 +0000},
	Editor = {Schmidhauser, John R},
	Pages = {34--57},
	Publisher = {Butterworth-Heinemann},
	Title = {Comparative Judicial Systems: Challenging Frontiers in Conceptual and Empirical Analysis},
	Year = {1987}}

@book{Russell2001,
	Author = {Russell, Peter H and O'Brien, David M},
	Date-Added = {2014-12-19 21:09:23 +0000},
	Date-Modified = {2014-12-19 21:09:30 +0000},
	Publisher = {University of Virginia Press},
	Title = {Judicial independence in the age of democracy: Critical perspectives from around the world},
	Year = {2001}}

@book{Maltzman2000,
	Author = {Maltzman, Forrest and Spriggs, James F and Wahlbeck, Paul J},
	Date-Added = {2014-12-19 18:59:53 +0000},
	Date-Modified = {2014-12-19 19:00:09 +0000},
	Publisher = {Cambridge University Press},
	Title = {Crafting Law on the Supreme Court: The Collegial Game},
	Year = {2000}}

@article{Brace2008,
	Author = {Paul Brace and Brent D. Boyea},
	Date-Added = {2014-12-19 18:44:50 +0000},
	Date-Modified = {2014-12-19 18:45:43 +0000},
	Journal = {American Journal of Political Science},
	Number = {2},
	Pages = {360-372},
	Title = {State Public Opinion, the Death Penalty, and the Practice of Electing Judges},
	Volume = {52},
	Year = {2008},
	Bdsk-File-1 = {YnBsaXN0MDDUAQIDBAUGJCVYJHZlcnNpb25YJG9iamVjdHNZJGFyY2hpdmVyVCR0b3ASAAGGoKgHCBMUFRYaIVUkbnVsbNMJCgsMDxJXTlMua2V5c1pOUy5vYmplY3RzViRjbGFzc6INDoACgAOiEBGABIAFgAdccmVsYXRpdmVQYXRoWWFsaWFzRGF0YV8Qti4uLy4uLy4uL1NjaG9vbCBTdHVmZi9DdXJyZW50IENsYXNzZXMvSW5kZXBlbmRlbmNlIFBhcGVyL0xpdCBSZXZpZXcvTmV3IEFydGljbGVzIHRvIFJlYWQvMjAwOC0gQnJhY2UtIFN0YXRlIFB1YmxpYyBPcGluaW9uLCB0aGUgRGVhdGggUGVuYWx0eSwgYW5kIHRoZSBQcmFjdGljZSBvZiBFbGVjdGluZyBKdWRnZXMucGRm0hcLGBlXTlMuZGF0YU8RAzwAAAAAAzwAAgAADE1hY2ludG9zaCBIRAAAAAAAAAAAAAAAAAAAAM1kxIpIKwAAAa7CUx8yMDA4LSBCcmFjZS0gU3RhdGUgIzFBRUQ0QTQucGRmAAAAAAAAAAAAAAAAAAAAAAAAAAAAAAAAAAAAAAAAAAABrtSk0LcB4QAAAAAAAAAAAAMABgAACSAAAAAAAAAAAAAAAAAAAAAUTmV3IEFydGljbGVzIHRvIFJlYWQAEAAIAADNZQraAAAAEQAIAADQt1ZBAAAAAQAgAa7CUwFsuVIBRV/fAAns3AAJ7NkACbNeAAmmPAACEOkAAgCZTWFjaW50b3NoIEhEOlVzZXJzOgBKZXJlbXk6AERyb3Bib3g6AFNjaG9vbCBTdHVmZjoAQ3VycmVudCBDbGFzc2VzOgBJbmRlcGVuZGVuY2UgUGFwZXI6AExpdCBSZXZpZXc6AE5ldyBBcnRpY2xlcyB0byBSZWFkOgAyMDA4LSBCcmFjZS0gU3RhdGUgIzFBRUQ0QTQucGRmAAAOALwAXQAyADAAMAA4AC0AIABCAHIAYQBjAGUALQAgAFMAdABhAHQAZQAgAFAAdQBiAGwAaQBjACAATwBwAGkAbgBpAG8AbgAsACAAdABoAGUAIABEAGUAYQB0AGgAIABQAGUAbgBhAGwAdAB5ACwAIABhAG4AZAAgAHQAaABlACAAUAByAGEAYwB0AGkAYwBlACAAbwBmACAARQBsAGUAYwB0AGkAbgBnACAASgB1AGQAZwBlAHMALgBwAGQAZgAPABoADABNAGEAYwBpAG4AdABvAHMAaAAgAEgARAASAMJVc2Vycy9KZXJlbXkvRHJvcGJveC9TY2hvb2wgU3R1ZmYvQ3VycmVudCBDbGFzc2VzL0luZGVwZW5kZW5jZSBQYXBlci9MaXQgUmV2aWV3L05ldyBBcnRpY2xlcyB0byBSZWFkLzIwMDgtIEJyYWNlLSBTdGF0ZSBQdWJsaWMgT3BpbmlvbiwgdGhlIERlYXRoIFBlbmFsdHksIGFuZCB0aGUgUHJhY3RpY2Ugb2YgRWxlY3RpbmcgSnVkZ2VzLnBkZgATAAEvAAAVAAIADf//AACABtIbHB0eWiRjbGFzc25hbWVYJGNsYXNzZXNdTlNNdXRhYmxlRGF0YaMdHyBWTlNEYXRhWE5TT2JqZWN00hscIiNcTlNEaWN0aW9uYXJ5oiIgXxAPTlNLZXllZEFyY2hpdmVy0SYnVHJvb3SAAQAIABEAGgAjAC0AMgA3AEAARgBNAFUAYABnAGoAbABuAHEAcwB1AHcAhACOAUcBTAFUBJQElgSbBKYErwS9BMEEyATRBNYE4wTmBPgE+wUAAAAAAAAAAgEAAAAAAAAAKAAAAAAAAAAAAAAAAAAABQI=}}

@article{Iowa2010,
	Author = {May, Melissa S},
	Date-Added = {2014-12-19 18:23:57 +0000},
	Date-Modified = {2014-12-19 18:24:05 +0000},
	Journal = {Ind. L. Rev.},
	Pages = {59},
	Publisher = {HeinOnline},
	Title = {Judicial Retention Elections After 2010},
	Volume = {46},
	Year = {2013}}

@book{Bonneau2010,
	Author = {Bonneau, Chris W and Hall, Melinda Gann},
	Date-Added = {2014-12-19 18:05:27 +0000},
	Date-Modified = {2014-12-19 18:05:45 +0000},
	Publisher = {Routledge},
	Title = {In Defense of Judicial Elections},
	Year = {2010}}

@article{Gibson2008,
	Annote = {@article{gibson2008challenges,
  title={Challenges to the impartiality of state supreme courts: Legitimacy theory and ``new-style'' judicial campaigns},
  author={Gibson, James L},
  journal={American Political Science Review},
  volume={102},
  number={01},
  pages={59--75},
  year={2008},
  publisher={Cambridge Univ Press}
}},
	Author = {Gibson, James L},
	Date-Added = {2014-12-19 18:02:31 +0000},
	Date-Modified = {2014-12-19 18:03:55 +0000},
	Journal = {American Political Science Review},
	Number = {1},
	Pages = {59-75},
	Title = {Challenges to the Impartiality of State Supreme Courts: Legitimacy Theory and ``New-Style'' Judicial Campaigns},
	Volume = {102},
	Year = {2008}}

@article{Choi2010,
	Author = {Stephen Choi and G. Mitu Gulati and Eric A. Posner},
	Date-Added = {2014-12-19 17:45:24 +0000},
	Date-Modified = {2014-12-19 17:47:41 +0000},
	Journal = {Journal of Law, Economics, \& Organization},
	Number = {2},
	Pages = {290-336},
	Title = {Professionals or Politicians: The Uncertain Empirical Case for an Elected Rather than Appointed Judiciary},
	Volume = {26},
	Year = {2010},
	Bdsk-File-1 = {YnBsaXN0MDDUAQIDBAUGJCVYJHZlcnNpb25YJG9iamVjdHNZJGFyY2hpdmVyVCR0b3ASAAGGoKgHCBMUFRYaIVUkbnVsbNMJCgsMDxJXTlMua2V5c1pOUy5vYmplY3RzViRjbGFzc6INDoACgAOiEBGABIAFgAdccmVsYXRpdmVQYXRoWWFsaWFzRGF0YV8Q0i4uLy4uLy4uL1NjaG9vbCBTdHVmZi9DdXJyZW50IENsYXNzZXMvSW5kZXBlbmRlbmNlIFBhcGVyL0xpdCBSZXZpZXcvTmV3IEFydGljbGVzIHRvIFJlYWQvMjAwOC0gQ2hvaS0gUHJvZmVzc2lvbmFscyBvciBQb2xpdGljaWFucy0gVGhlIFVuY2VydGFpbiBFbXBpcmljYWwgQ2FzZSBmb3IgYW4gRWxlY3RlZCBSYXRoZXIgdGhhbiBBcHBvaW50ZWQgSnVkaWNpYXJ5LnBkZtIXCxgZV05TLmRhdGFPEQOQAAAAAAOQAAIAAAxNYWNpbnRvc2ggSEQAAAAAAAAAAAAAAAAAAADNZMSKSCsAAAGuwlMfMjAwOC0gQ2hvaS0gUHJvZmVzcyMxQUYxRTM2LnBkZgAAAAAAAAAAAAAAAAAAAAAAAAAAAAAAAAAAAAAAAAAAAa8eNtC4cocAAAAAAAAAAAADAAYAAAkgAAAAAAAAAAAAAAAAAAAAFE5ldyBBcnRpY2xlcyB0byBSZWFkABAACAAAzWUK2gAAABEACAAA0LjG5wAAAAEAIAGuwlMBbLlSAUVf3wAJ7NwACezZAAmzXgAJpjwAAhDpAAIAmU1hY2ludG9zaCBIRDpVc2VyczoASmVyZW15OgBEcm9wYm94OgBTY2hvb2wgU3R1ZmY6AEN1cnJlbnQgQ2xhc3NlczoASW5kZXBlbmRlbmNlIFBhcGVyOgBMaXQgUmV2aWV3OgBOZXcgQXJ0aWNsZXMgdG8gUmVhZDoAMjAwOC0gQ2hvaS0gUHJvZmVzcyMxQUYxRTM2LnBkZgAADgD0AHkAMgAwADAAOAAtACAAQwBoAG8AaQAtACAAUAByAG8AZgBlAHMAcwBpAG8AbgBhAGwAcwAgAG8AcgAgAFAAbwBsAGkAdABpAGMAaQBhAG4AcwAtACAAVABoAGUAIABVAG4AYwBlAHIAdABhAGkAbgAgAEUAbQBwAGkAcgBpAGMAYQBsACAAQwBhAHMAZQAgAGYAbwByACAAYQBuACAARQBsAGUAYwB0AGUAZAAgAFIAYQB0AGgAZQByACAAdABoAGEAbgAgAEEAcABwAG8AaQBuAHQAZQBkACAASgB1AGQAaQBjAGkAYQByAHkALgBwAGQAZgAPABoADABNAGEAYwBpAG4AdABvAHMAaAAgAEgARAASAN5Vc2Vycy9KZXJlbXkvRHJvcGJveC9TY2hvb2wgU3R1ZmYvQ3VycmVudCBDbGFzc2VzL0luZGVwZW5kZW5jZSBQYXBlci9MaXQgUmV2aWV3L05ldyBBcnRpY2xlcyB0byBSZWFkLzIwMDgtIENob2ktIFByb2Zlc3Npb25hbHMgb3IgUG9saXRpY2lhbnMtIFRoZSBVbmNlcnRhaW4gRW1waXJpY2FsIENhc2UgZm9yIGFuIEVsZWN0ZWQgUmF0aGVyIHRoYW4gQXBwb2ludGVkIEp1ZGljaWFyeS5wZGYAEwABLwAAFQACAA3//wAAgAbSGxwdHlokY2xhc3NuYW1lWCRjbGFzc2VzXU5TTXV0YWJsZURhdGGjHR8gVk5TRGF0YVhOU09iamVjdNIbHCIjXE5TRGljdGlvbmFyeaIiIF8QD05TS2V5ZWRBcmNoaXZlctEmJ1Ryb290gAEACAARABoAIwAtADIANwBAAEYATQBVAGAAZwBqAGwAbgBxAHMAdQB3AIQAjgFjAWgBcAUEBQYFCwUWBR8FLQUxBTgFQQVGBVMFVgVoBWsFcAAAAAAAAAIBAAAAAAAAACgAAAAAAAAAAAAAAAAAAAVy}}

@book{Watson1969,
	Author = {Watson, Richard A and Downing, Rondal Gene},
	Date-Added = {2014-12-19 15:42:03 +0000},
	Date-Modified = {2014-12-19 15:42:30 +0000},
	Publisher = {John Wiley \&amp; Sons},
	Title = {The Politics of the Bench and the Bar: Judicial Selection Under the Missouri Nonpartisan Court Plan},
	Year = {1969}}

@article{Canes-Wrone2014,
	Author = {Canes-Wrone, Brandice and Clark, Tom S. and Kelly, Jason P.},
	Date-Added = {2014-12-19 15:27:25 +0000},
	Date-Modified = {2014-12-19 15:29:34 +0000},
	Journal = {American Political Science Review},
	Month = {Feburary},
	Number = {1},
	Pages = {23-39},
	Title = {Judicial Selection and Death Penalty Decisions},
	Volume = {108},
	Year = {2014},
	Bdsk-File-1 = {YnBsaXN0MDDUAQIDBAUGJCVYJHZlcnNpb25YJG9iamVjdHNZJGFyY2hpdmVyVCR0b3ASAAGGoKgHCBMUFRYaIVUkbnVsbNMJCgsMDxJXTlMua2V5c1pOUy5vYmplY3RzViRjbGFzc6INDoACgAOiEBGABIAFgAdccmVsYXRpdmVQYXRoWWFsaWFzRGF0YV8Qni4uLy4uLy4uL1NjaG9vbCBTdHVmZi9DdXJyZW50IENsYXNzZXMvSW5kZXBlbmRlbmNlIFBhcGVyL0xpdCBSZXZpZXcvTmV3IEFydGljbGVzIHRvIFJlYWQvMjAxNC0gQ2FuZXMtV3JvbmUtIEp1ZGljaWFsIFNlbGVjdGlvbiBhbmQgRGVhdGggUGVuYWx0eSBEZWNpc2lvbnMucGRm0hcLGBlXTlMuZGF0YU8RAvQAAAAAAvQAAgAADE1hY2ludG9zaCBIRAAAAAAAAAAAAAAAAAAAAM1kxIpIKwAAAa7CUx8yMDE0LSBDYW5lcy1Xcm9uZS0gIzFBMjc3REIucGRmAAAAAAAAAAAAAAAAAAAAAAAAAAAAAAAAAAAAAAAAAAABonfb0KI7xQAAAAAAAAAAAAMABgAACSAAAAAAAAAAAAAAAAAAAAAUTmV3IEFydGljbGVzIHRvIFJlYWQAEAAIAADNZQraAAAAEQAIAADQopAlAAAAAQAgAa7CUwFsuVIBRV/fAAns3AAJ7NkACbNeAAmmPAACEOkAAgCZTWFjaW50b3NoIEhEOlVzZXJzOgBKZXJlbXk6AERyb3Bib3g6AFNjaG9vbCBTdHVmZjoAQ3VycmVudCBDbGFzc2VzOgBJbmRlcGVuZGVuY2UgUGFwZXI6AExpdCBSZXZpZXc6AE5ldyBBcnRpY2xlcyB0byBSZWFkOgAyMDE0LSBDYW5lcy1Xcm9uZS0gIzFBMjc3REIucGRmAAAOAIwARQAyADAAMQA0AC0AIABDAGEAbgBlAHMALQBXAHIAbwBuAGUALQAgAEoAdQBkAGkAYwBpAGEAbAAgAFMAZQBsAGUAYwB0AGkAbwBuACAAYQBuAGQAIABEAGUAYQB0AGgAIABQAGUAbgBhAGwAdAB5ACAARABlAGMAaQBzAGkAbwBuAHMALgBwAGQAZgAPABoADABNAGEAYwBpAG4AdABvAHMAaAAgAEgARAASAKpVc2Vycy9KZXJlbXkvRHJvcGJveC9TY2hvb2wgU3R1ZmYvQ3VycmVudCBDbGFzc2VzL0luZGVwZW5kZW5jZSBQYXBlci9MaXQgUmV2aWV3L05ldyBBcnRpY2xlcyB0byBSZWFkLzIwMTQtIENhbmVzLVdyb25lLSBKdWRpY2lhbCBTZWxlY3Rpb24gYW5kIERlYXRoIFBlbmFsdHkgRGVjaXNpb25zLnBkZgATAAEvAAAVAAIADf//AACABtIbHB0eWiRjbGFzc25hbWVYJGNsYXNzZXNdTlNNdXRhYmxlRGF0YaMdHyBWTlNEYXRhWE5TT2JqZWN00hscIiNcTlNEaWN0aW9uYXJ5oiIgXxAPTlNLZXllZEFyY2hpdmVy0SYnVHJvb3SAAQAIABEAGgAjAC0AMgA3AEAARgBNAFUAYABnAGoAbABuAHEAcwB1AHcAhACOAS8BNAE8BDQENgQ7BEYETwRdBGEEaARxBHYEgwSGBJgEmwSgAAAAAAAAAgEAAAAAAAAAKAAAAAAAAAAAAAAAAAAABKI=}}

@book{Epp1998,
	Address = {Chicago},
	Author = {Charles R. Epp},
	Date-Added = {2014-12-19 14:33:40 +0000},
	Date-Modified = {2014-12-19 14:34:39 +0000},
	Publisher = {University of Chicago Press},
	Title = {The Rights Revolution: Lawyers, Activists, and Supreme Courts in Comparative Perspective},
	Year = {1998}}

@article{Nelson2013,
	Author = {Michael J. Nelson and Rachel Paine Caufield and Andrew D. Martin},
	Date-Added = {2014-12-01 21:40:28 +0000},
	Date-Modified = {2014-12-01 21:41:48 +0000},
	Journal = {State Politics \& Policy Quarterly},
	Number = {4},
	Pages = {495-511},
	Title = {OH, MI: A Note on Empirical Examinations of Judicial Elections},
	Volume = {13},
	Year = {2013},
	Bdsk-File-1 = {YnBsaXN0MDDUAQIDBAUGJCVYJHZlcnNpb25YJG9iamVjdHNZJGFyY2hpdmVyVCR0b3ASAAGGoKgHCBMUFRYaIVUkbnVsbNMJCgsMDxJXTlMua2V5c1pOUy5vYmplY3RzViRjbGFzc6INDoACgAOiEBGABIAFgAdccmVsYXRpdmVQYXRoWWFsaWFzRGF0YV8QqS4uLy4uLy4uL1NjaG9vbCBTdHVmZi9DdXJyZW50IENsYXNzZXMvSW5kZXBlbmRlbmNlIFBhcGVyL0xpdCBSZXZpZXcvTmV3IEFydGljbGVzIHRvIFJlYWQvMjAxMy0gTmVsc29uLSBPSCwgTUktIEEgTm90ZSBvbiBFbXBpcmljYWwgRXhhbWluYXRpb25zIG9mIEp1ZGljaWFsIEVsZWN0aW9ucy5wZGbSFwsYGVdOUy5kYXRhTxEDFgAAAAADFgACAAAMTWFjaW50b3NoIEhEAAAAAAAAAAAAAAAAAAAAzWTEikgrAAABrsJTHzIwMTMtIE5lbHNvbi0gT0gsIE0jMUEyNzk0OC5wZGYAAAAAAAAAAAAAAAAAAAAAAAAAAAAAAAAAAAAAAAAAAAGieUjQojwlAAAAAAAAAAAAAwAGAAAJIAAAAAAAAAAAAAAAAAAAABROZXcgQXJ0aWNsZXMgdG8gUmVhZAAQAAgAAM1lCtoAAAARAAgAANCikIUAAAABACABrsJTAWy5UgFFX98ACezcAAns2QAJs14ACaY8AAIQ6QACAJlNYWNpbnRvc2ggSEQ6VXNlcnM6AEplcmVteToARHJvcGJveDoAU2Nob29sIFN0dWZmOgBDdXJyZW50IENsYXNzZXM6AEluZGVwZW5kZW5jZSBQYXBlcjoATGl0IFJldmlldzoATmV3IEFydGljbGVzIHRvIFJlYWQ6ADIwMTMtIE5lbHNvbi0gT0gsIE0jMUEyNzk0OC5wZGYAAA4AogBQADIAMAAxADMALQAgAE4AZQBsAHMAbwBuAC0AIABPAEgALAAgAE0ASQAtACAAQQAgAE4AbwB0AGUAIABvAG4AIABFAG0AcABpAHIAaQBjAGEAbAAgAEUAeABhAG0AaQBuAGEAdABpAG8AbgBzACAAbwBmACAASgB1AGQAaQBjAGkAYQBsACAARQBsAGUAYwB0AGkAbwBuAHMALgBwAGQAZgAPABoADABNAGEAYwBpAG4AdABvAHMAaAAgAEgARAASALVVc2Vycy9KZXJlbXkvRHJvcGJveC9TY2hvb2wgU3R1ZmYvQ3VycmVudCBDbGFzc2VzL0luZGVwZW5kZW5jZSBQYXBlci9MaXQgUmV2aWV3L05ldyBBcnRpY2xlcyB0byBSZWFkLzIwMTMtIE5lbHNvbi0gT0gsIE1JLSBBIE5vdGUgb24gRW1waXJpY2FsIEV4YW1pbmF0aW9ucyBvZiBKdWRpY2lhbCBFbGVjdGlvbnMucGRmAAATAAEvAAAVAAIADf//AACABtIbHB0eWiRjbGFzc25hbWVYJGNsYXNzZXNdTlNNdXRhYmxlRGF0YaMdHyBWTlNEYXRhWE5TT2JqZWN00hscIiNcTlNEaWN0aW9uYXJ5oiIgXxAPTlNLZXllZEFyY2hpdmVy0SYnVHJvb3SAAQAIABEAGgAjAC0AMgA3AEAARgBNAFUAYABnAGoAbABuAHEAcwB1AHcAhACOAToBPwFHBGEEYwRoBHMEfASKBI4ElQSeBKMEsASzBMUEyATNAAAAAAAAAgEAAAAAAAAAKAAAAAAAAAAAAAAAAAAABM8=}}

@article{Liptak2006,
	Author = {Adam Liptak and Janet Roberts},
	Date-Added = {2014-12-01 21:17:51 +0000},
	Date-Modified = {2014-12-19 20:59:52 +0000},
	Howpublished = {Online},
	Journal = {The New York Times},
	Title = {Tilting the Scales?: The Ohio Experience; Campaign Cash Mirrors a High Court's Ruling},
	Year = {October 6, 2006},
	Bdsk-File-1 = {YnBsaXN0MDDUAQIDBAUGJCVYJHZlcnNpb25YJG9iamVjdHNZJGFyY2hpdmVyVCR0b3ASAAGGoKgHCBMUFRYaIVUkbnVsbNMJCgsMDxJXTlMua2V5c1pOUy5vYmplY3RzViRjbGFzc6INDoACgAOiEBGABIAFgAdccmVsYXRpdmVQYXRoWWFsaWFzRGF0YV8Qgi4uLy4uLy4uLy4uLy5UcmFzaC9USUxUSU5HIFRIRSBTQ0FMRVNfXyBUaGUgT2hpbyBFeHBlcmllbmNlOyBDYW1wYWlnbiBDYXNoIE1pcnJvcnMgYSBIaWdoIENvdXJ0J3MgUnVsaW5ncyAtIFRoZSBOZXcgWW9yayBUaW1lcy5wZGbSFwsYGVdOUy5kYXRhTxECqgAAAAACqgACAAAMTWFjaW50b3NoIEhEAAAAAAAAAAAAAAAAAAAAzWTEikgrAAABoixyH1RJTFRJTkcgVEhFIFNDQUxFU18jMUEyNkZERi5wZGYAAAAAAAAAAAAAAAAAAAAAAAAAAAAAAAAAAAAAAAAAAAGib9/Qojd+AAAAAAAAAAAABAACAAAJIAAAAAAAAAAAAAAAAAAAAAYuVHJhc2gAEAAIAADNZQraAAAAEQAIAADQooveAAAAAQAMAaIscgAJpjwAAhDpAAIAQ01hY2ludG9zaCBIRDpVc2VyczoASmVyZW15OgAuVHJhc2g6AFRJTFRJTkcgVEhFIFNDQUxFU18jMUEyNkZERi5wZGYAAA4A4ABvAFQASQBMAFQASQBOAEcAIABUAEgARQAgAFMAQwBBAEwARQBTAF8AXwAgAFQAaABlACAATwBoAGkAbwAgAEUAeABwAGUAcgBpAGUAbgBjAGUAOwAgAEMAYQBtAHAAYQBpAGcAbgAgAEMAYQBzAGgAIABNAGkAcgByAG8AcgBzACAAYQAgAEgAaQBnAGgAIABDAG8AdQByAHQAJwBzACAAUgB1AGwAaQBuAGcAcwAgAC0AIABUAGgAZQAgAE4AZQB3ACAAWQBvAHIAawAgAFQAaQBtAGUAcwAuAHAAZABmAA8AGgAMAE0AYQBjAGkAbgB0AG8AcwBoACAASABEABIAg1VzZXJzL0plcmVteS8uVHJhc2gvVElMVElORyBUSEUgU0NBTEVTX18gVGhlIE9oaW8gRXhwZXJpZW5jZTsgQ2FtcGFpZ24gQ2FzaCBNaXJyb3JzIGEgSGlnaCBDb3VydCdzIFJ1bGluZ3MgLSBUaGUgTmV3IFlvcmsgVGltZXMucGRmAAATAAEvAAAVAAIADf//AACABtIbHB0eWiRjbGFzc25hbWVYJGNsYXNzZXNdTlNNdXRhYmxlRGF0YaMdHyBWTlNEYXRhWE5TT2JqZWN00hscIiNcTlNEaWN0aW9uYXJ5oiIgXxAPTlNLZXllZEFyY2hpdmVy0SYnVHJvb3SAAQAIABEAGgAjAC0AMgA3AEAARgBNAFUAYABnAGoAbABuAHEAcwB1AHcAhACOARMBGAEgA84D0APVA+AD6QP3A/sEAgQLBBAEHQQgBDIENQQ6AAAAAAAAAgEAAAAAAAAAKAAAAAAAAAAAAAAAAAAABDw=}}

@article{Hall1985,
	Author = {Melinda Gann Hall},
	Date-Added = {2014-11-23 16:03:07 +0000},
	Date-Modified = {2014-11-23 16:03:53 +0000},
	Journal = {Justice System Journal},
	Number = {2},
	Pages = {243-255},
	Title = {Docket Control as an Influence on Judicial Voting},
	Volume = {10},
	Year = {1985},
	Bdsk-File-1 = {YnBsaXN0MDDUAQIDBAUGJCVYJHZlcnNpb25YJG9iamVjdHNZJGFyY2hpdmVyVCR0b3ASAAGGoKgHCBMUFRYaIVUkbnVsbNMJCgsMDxJXTlMua2V5c1pOUy5vYmplY3RzViRjbGFzc6INDoACgAOiEBGABIAFgAdccmVsYXRpdmVQYXRoWWFsaWFzRGF0YV8Qli4uLy4uLy4uL1NjaG9vbCBTdHVmZi9DdXJyZW50IENsYXNzZXMvSW5kZXBlbmRlbmNlIFBhcGVyL0xpdCBSZXZpZXcvRG9ja2V0IENvbnRyb2wgQXJ0aWNsZXMvS2VlcC9ET0NLRVQgQ09OVFJPTCBBUyBBTiBJTkZMVUVOQ0UgT04gSlVESUNJQUwgVk9USU5HLnBkZtIXCxgZV05TLmRhdGFPEQLIAAAAAALIAAIAAAxNYWNpbnRvc2ggSEQAAAAAAAAAAAAAAAAAAADNZMSKSCsAAAGdzgEfRE9DS0VUIENPTlRST0wgQVMgQSMxNkJFMEM3LnBkZgAAAAAAAAAAAAAAAAAAAAAAAAAAAAAAAAAAAAAAAAAAAWvgx9BQfi0AAAAAAAAAAAADAAcAAAkgAAAAAAAAAAAAAAAAAAAABEtlZXAAEAAIAADNZQraAAAAEQAIAADQUMR9AAAAAQAkAZ3OAQFr4P0BbLlSAUVf3wAJ7NwACezZAAmzXgAJpjwAAhDpAAIAok1hY2ludG9zaCBIRDpVc2VyczoASmVyZW15OgBEcm9wYm94OgBTY2hvb2wgU3R1ZmY6AEN1cnJlbnQgQ2xhc3NlczoASW5kZXBlbmRlbmNlIFBhcGVyOgBMaXQgUmV2aWV3OgBEb2NrZXQgQ29udHJvbCBBcnRpY2xlczoAS2VlcDoARE9DS0VUIENPTlRST0wgQVMgQSMxNkJFMEM3LnBkZgAOAGwANQBEAE8AQwBLAEUAVAAgAEMATwBOAFQAUgBPAEwAIABBAFMAIABBAE4AIABJAE4ARgBMAFUARQBOAEMARQAgAE8ATgAgAEoAVQBEAEkAQwBJAEEATAAgAFYATwBUAEkATgBHAC4AcABkAGYADwAaAAwATQBhAGMAaQBuAHQAbwBzAGgAIABIAEQAEgCiVXNlcnMvSmVyZW15L0Ryb3Bib3gvU2Nob29sIFN0dWZmL0N1cnJlbnQgQ2xhc3Nlcy9JbmRlcGVuZGVuY2UgUGFwZXIvTGl0IFJldmlldy9Eb2NrZXQgQ29udHJvbCBBcnRpY2xlcy9LZWVwL0RPQ0tFVCBDT05UUk9MIEFTIEFOIElORkxVRU5DRSBPTiBKVURJQ0lBTCBWT1RJTkcucGRmABMAAS8AABUAAgAN//8AAIAG0hscHR5aJGNsYXNzbmFtZVgkY2xhc3Nlc11OU011dGFibGVEYXRhox0fIFZOU0RhdGFYTlNPYmplY3TSGxwiI1xOU0RpY3Rpb25hcnmiIiBfEA9OU0tleWVkQXJjaGl2ZXLRJidUcm9vdIABAAgAEQAaACMALQAyADcAQABGAE0AVQBgAGcAagBsAG4AcQBzAHUAdwCEAI4BJwEsATQEAAQCBAcEEgQbBCkELQQ0BD0EQgRPBFIEZARnBGwAAAAAAAACAQAAAAAAAAAoAAAAAAAAAAAAAAAAAAAEbg==}}

@article{Songer2003,
	Author = {Donald R. Songer and Martha Humphries Ginn and Tammy A. Sarver},
	Date-Added = {2014-11-23 15:54:27 +0000},
	Date-Modified = {2014-11-23 15:55:22 +0000},
	Journal = {Justice System Journal},
	Number = {2},
	Pages = {137-161},
	Title = {Do Judges Follow the Law When There is No Fear of Reversal?},
	Volume = {24},
	Year = {2003},
	Bdsk-File-1 = {YnBsaXN0MDDUAQIDBAUGJCVYJHZlcnNpb25YJG9iamVjdHNZJGFyY2hpdmVyVCR0b3ASAAGGoKgHCBMUFRYaIVUkbnVsbNMJCgsMDxJXTlMua2V5c1pOUy5vYmplY3RzViRjbGFzc6INDoACgAOiEBGABIAFgAdccmVsYXRpdmVQYXRoWWFsaWFzRGF0YV8QoC4uLy4uLy4uL1NjaG9vbCBTdHVmZi9DdXJyZW50IENsYXNzZXMvSW5kZXBlbmRlbmNlIFBhcGVyL0xpdCBSZXZpZXcvRG9ja2V0IENvbnRyb2wgQXJ0aWNsZXMvS2VlcC9EbyBKdWRnZXMgRm9sbG93IHRoZSBMYXcgV2hlbiBUaGVyZSBJcyBObyBGZWFyIG9mIFJldmVyc2FsPy5wZGbSFwsYGVdOUy5kYXRhTxEC5gAAAAAC5gACAAAMTWFjaW50b3NoIEhEAAAAAAAAAAAAAAAAAAAAzWTEikgrAAABnc4BH0RvIEp1ZGdlcyBGb2xsb3cgdGgjMTZCRTVGQy5wZGYAAAAAAAAAAAAAAAAAAAAAAAAAAAAAAAAAAAAAAAAAAAFr5fzQUH6NAAAAAAAAAAAAAwAHAAAJIAAAAAAAAAAAAAAAAAAAAARLZWVwABAACAAAzWUK2gAAABEACAAA0FDE3QAAAAEAJAGdzgEBa+D9AWy5UgFFX98ACezcAAns2QAJs14ACaY8AAIQ6QACAKJNYWNpbnRvc2ggSEQ6VXNlcnM6AEplcmVteToARHJvcGJveDoAU2Nob29sIFN0dWZmOgBDdXJyZW50IENsYXNzZXM6AEluZGVwZW5kZW5jZSBQYXBlcjoATGl0IFJldmlldzoARG9ja2V0IENvbnRyb2wgQXJ0aWNsZXM6AEtlZXA6AERvIEp1ZGdlcyBGb2xsb3cgdGgjMTZCRTVGQy5wZGYADgCAAD8ARABvACAASgB1AGQAZwBlAHMAIABGAG8AbABsAG8AdwAgAHQAaABlACAATABhAHcAIABXAGgAZQBuACAAVABoAGUAcgBlACAASQBzACAATgBvACAARgBlAGEAcgAgAG8AZgAgAFIAZQB2AGUAcgBzAGEAbAA/AC4AcABkAGYADwAaAAwATQBhAGMAaQBuAHQAbwBzAGgAIABIAEQAEgCsVXNlcnMvSmVyZW15L0Ryb3Bib3gvU2Nob29sIFN0dWZmL0N1cnJlbnQgQ2xhc3Nlcy9JbmRlcGVuZGVuY2UgUGFwZXIvTGl0IFJldmlldy9Eb2NrZXQgQ29udHJvbCBBcnRpY2xlcy9LZWVwL0RvIEp1ZGdlcyBGb2xsb3cgdGhlIExhdyBXaGVuIFRoZXJlIElzIE5vIEZlYXIgb2YgUmV2ZXJzYWw/LnBkZgATAAEvAAAVAAIADf//AACABtIbHB0eWiRjbGFzc25hbWVYJGNsYXNzZXNdTlNNdXRhYmxlRGF0YaMdHyBWTlNEYXRhWE5TT2JqZWN00hscIiNcTlNEaWN0aW9uYXJ5oiIgXxAPTlNLZXllZEFyY2hpdmVy0SYnVHJvb3SAAQAIABEAGgAjAC0AMgA3AEAARgBNAFUAYABnAGoAbABuAHEAcwB1AHcAhACOATEBNgE+BCgEKgQvBDoEQwRRBFUEXARlBGoEdwR6BIwEjwSUAAAAAAAAAgEAAAAAAAAAKAAAAAAAAAAAAAAAAAAABJY=}}

@book{Rosenberg1991,
	Address = {Chicago},
	Author = {Gerald N. Rosenberg},
	Date-Added = {2014-11-23 15:47:05 +0000},
	Date-Modified = {2014-11-23 15:48:55 +0000},
	Publisher = {The University of Chicago Press},
	Title = {The Hollow Hope: Can Courts Bring About Social Change?},
	Year = {1991}}

@incollection{Fontana2011,
	Address = {Northhampton, MA},
	Author = {David Fontana},
	Booktitle = {Comparative Constitutional Law},
	Date-Added = {2014-11-23 15:42:03 +0000},
	Date-Modified = {2014-11-23 15:44:39 +0000},
	Editor = {Tom Ginsburg and Rosalind Dixon},
	Publisher = {Edward Elgar},
	Title = {Docket Control and Success of Constitutional Courts},
	Year = {2011},
	Bdsk-File-1 = {YnBsaXN0MDDUAQIDBAUGJCVYJHZlcnNpb25YJG9iamVjdHNZJGFyY2hpdmVyVCR0b3ASAAGGoKgHCBMUFRYaIVUkbnVsbNMJCgsMDxJXTlMua2V5c1pOUy5vYmplY3RzViRjbGFzc6INDoACgAOiEBGABIAFgAdccmVsYXRpdmVQYXRoWWFsaWFzRGF0YV8QnC4uLy4uLy4uL1NjaG9vbCBTdHVmZi9DdXJyZW50IENsYXNzZXMvSW5kZXBlbmRlbmNlIFBhcGVyL0xpdCBSZXZpZXcvRG9ja2V0IENvbnRyb2wgQXJ0aWNsZXMvS2VlcC9Eb2NrZXQgQ29udHJvbCBhbmQgdGhlIFN1Y2Nlc3Mgb2YgQ29uc3RpdHV0aW9uYWwgQ291cnRzLnBkZtIXCxgZV05TLmRhdGFPEQLaAAAAAALaAAIAAAxNYWNpbnRvc2ggSEQAAAAAAAAAAAAAAAAAAADNZMSKSCsAAAGdzgEfRG9ja2V0IENvbnRyb2wgYW5kICMxOURENEFELnBkZgAAAAAAAAAAAAAAAAAAAAAAAAAAAAAAAAAAAAAAAAAAAZ3UrdBQgw8AAAAAAAAAAAADAAcAAAkgAAAAAAAAAAAAAAAAAAAABEtlZXAAEAAIAADNZQraAAAAEQAIAADQUMlfAAAAAQAkAZ3OAQFr4P0BbLlSAUVf3wAJ7NwACezZAAmzXgAJpjwAAhDpAAIAok1hY2ludG9zaCBIRDpVc2VyczoASmVyZW15OgBEcm9wYm94OgBTY2hvb2wgU3R1ZmY6AEN1cnJlbnQgQ2xhc3NlczoASW5kZXBlbmRlbmNlIFBhcGVyOgBMaXQgUmV2aWV3OgBEb2NrZXQgQ29udHJvbCBBcnRpY2xlczoAS2VlcDoARG9ja2V0IENvbnRyb2wgYW5kICMxOURENEFELnBkZgAOAHgAOwBEAG8AYwBrAGUAdAAgAEMAbwBuAHQAcgBvAGwAIABhAG4AZAAgAHQAaABlACAAUwB1AGMAYwBlAHMAcwAgAG8AZgAgAEMAbwBuAHMAdABpAHQAdQB0AGkAbwBuAGEAbAAgAEMAbwB1AHIAdABzAC4AcABkAGYADwAaAAwATQBhAGMAaQBuAHQAbwBzAGgAIABIAEQAEgCoVXNlcnMvSmVyZW15L0Ryb3Bib3gvU2Nob29sIFN0dWZmL0N1cnJlbnQgQ2xhc3Nlcy9JbmRlcGVuZGVuY2UgUGFwZXIvTGl0IFJldmlldy9Eb2NrZXQgQ29udHJvbCBBcnRpY2xlcy9LZWVwL0RvY2tldCBDb250cm9sIGFuZCB0aGUgU3VjY2VzcyBvZiBDb25zdGl0dXRpb25hbCBDb3VydHMucGRmABMAAS8AABUAAgAN//8AAIAG0hscHR5aJGNsYXNzbmFtZVgkY2xhc3Nlc11OU011dGFibGVEYXRhox0fIFZOU0RhdGFYTlNPYmplY3TSGxwiI1xOU0RpY3Rpb25hcnmiIiBfEA9OU0tleWVkQXJjaGl2ZXLRJidUcm9vdIABAAgAEQAaACMALQAyADcAQABGAE0AVQBgAGcAagBsAG4AcQBzAHUAdwCEAI4BLQEyAToEGAQaBB8EKgQzBEEERQRMBFUEWgRnBGoEfAR/BIQAAAAAAAACAQAAAAAAAAAoAAAAAAAAAAAAAAAAAAAEhg==}}

@article{Squire2008,
	Author = {Peverill Squire},
	Date-Added = {2014-11-23 15:28:41 +0000},
	Date-Modified = {2014-11-23 15:29:39 +0000},
	Journal = {State Politics \& Policy Quarterly},
	Number = {223-238},
	Title = {Measuring the Professionalization of U.S. State Courts of Last Resort},
	Volume = {8},
	Year = {2008},
	Bdsk-File-1 = {YnBsaXN0MDDUAQIDBAUGJCVYJHZlcnNpb25YJG9iamVjdHNZJGFyY2hpdmVyVCR0b3ASAAGGoKgHCBMUFRYaIVUkbnVsbNMJCgsMDxJXTlMua2V5c1pOUy5vYmplY3RzViRjbGFzc6INDoACgAOiEBGABIAFgAdccmVsYXRpdmVQYXRoWWFsaWFzRGF0YV8Qqi4uLy4uLy4uL1NjaG9vbCBTdHVmZi9DdXJyZW50IENsYXNzZXMvSW5kZXBlbmRlbmNlIFBhcGVyL0xpdCBSZXZpZXcvRG9ja2V0IENvbnRyb2wgQXJ0aWNsZXMvS2VlcC9NZWFzdXJpbmcgdGhlIFByb2Zlc3Npb25hbGl6YXRpb24gb2YgVS5TLiBTdGF0ZSBDb3VydHMgb2YgTGFzdCBSZXNvcnQucGRm0hcLGBlXTlMuZGF0YU8RAwQAAAAAAwQAAgAADE1hY2ludG9zaCBIRAAAAAAAAAAAAAAAAAAAAM1kxIpIKwAAAZ3OAR9NZWFzdXJpbmcgdGhlIFByb2ZlIzE2QkZCRTkucGRmAAAAAAAAAAAAAAAAAAAAAAAAAAAAAAAAAAAAAAAAAAABa/vp0FCBMQAAAAAAAAAAAAMABwAACSAAAAAAAAAAAAAAAAAAAAAES2VlcAAQAAgAAM1lCtoAAAARAAgAANBQx4EAAAABACQBnc4BAWvg/QFsuVIBRV/fAAns3AAJ7NkACbNeAAmmPAACEOkAAgCiTWFjaW50b3NoIEhEOlVzZXJzOgBKZXJlbXk6AERyb3Bib3g6AFNjaG9vbCBTdHVmZjoAQ3VycmVudCBDbGFzc2VzOgBJbmRlcGVuZGVuY2UgUGFwZXI6AExpdCBSZXZpZXc6AERvY2tldCBDb250cm9sIEFydGljbGVzOgBLZWVwOgBNZWFzdXJpbmcgdGhlIFByb2ZlIzE2QkZCRTkucGRmAA4AlABJAE0AZQBhAHMAdQByAGkAbgBnACAAdABoAGUAIABQAHIAbwBmAGUAcwBzAGkAbwBuAGEAbABpAHoAYQB0AGkAbwBuACAAbwBmACAAVQAuAFMALgAgAFMAdABhAHQAZQAgAEMAbwB1AHIAdABzACAAbwBmACAATABhAHMAdAAgAFIAZQBzAG8AcgB0AC4AcABkAGYADwAaAAwATQBhAGMAaQBuAHQAbwBzAGgAIABIAEQAEgC2VXNlcnMvSmVyZW15L0Ryb3Bib3gvU2Nob29sIFN0dWZmL0N1cnJlbnQgQ2xhc3Nlcy9JbmRlcGVuZGVuY2UgUGFwZXIvTGl0IFJldmlldy9Eb2NrZXQgQ29udHJvbCBBcnRpY2xlcy9LZWVwL01lYXN1cmluZyB0aGUgUHJvZmVzc2lvbmFsaXphdGlvbiBvZiBVLlMuIFN0YXRlIENvdXJ0cyBvZiBMYXN0IFJlc29ydC5wZGYAEwABLwAAFQACAA3//wAAgAbSGxwdHlokY2xhc3NuYW1lWCRjbGFzc2VzXU5TTXV0YWJsZURhdGGjHR8gVk5TRGF0YVhOU09iamVjdNIbHCIjXE5TRGljdGlvbmFyeaIiIF8QD05TS2V5ZWRBcmNoaXZlctEmJ1Ryb290gAEACAARABoAIwAtADIANwBAAEYATQBVAGAAZwBqAGwAbgBxAHMAdQB3AIQAjgE7AUABSARQBFIEVwRiBGsEeQR9BIQEjQSSBJ8EogS0BLcEvAAAAAAAAAIBAAAAAAAAACgAAAAAAAAAAAAAAAAAAAS+}}

@article{Carrington1998,
	Author = {Carrington, Paul D.},
	Date-Added = {2014-11-22 23:30:51 +0000},
	Date-Modified = {2014-11-22 23:30:51 +0000},
	Journal = {Law and Contemporary Problems},
	Number = {3},
	Pages = {79-126},
	Title = {Judicial Independence and Democratic Accountability in Highest State Courts},
	Volume = {61},
	Year = {1998},
	Bdsk-File-1 = {YnBsaXN0MDDUAQIDBAUGJCVYJHZlcnNpb25YJG9iamVjdHNZJGFyY2hpdmVyVCR0b3ASAAGGoKgHCBMUFRYaIVUkbnVsbNMJCgsMDxJXTlMua2V5c1pOUy5vYmplY3RzViRjbGFzc6INDoACgAOiEBGABIAFgAdccmVsYXRpdmVQYXRoWWFsaWFzRGF0YV8Qui4uLy4uLy4uL1NjaG9vbCBTdHVmZi9PbGQgU2Nob29sIFN0dWZmL1Blbm4gU3RhdGUvNTQxLVN0YXRlIFBvbGl0aWNzLzU0MSBQYXBlci9MaXQgUmV2aWV3IEtlZXAvQ2FycmluZ3Rvbi0gSnVkaWNpYWwgSW5kZXBlbmRlbmNlIGFuZCBEZW1vY3JhdGljIEFjY291bnRhYmlsaXR5IGluIEhpZ2hlc3QgU3RhdGUgQ291cnRzLnBkZtIXCxgZV05TLmRhdGFPEQNCAAAAAANCAAIAAAxNYWNpbnRvc2ggSEQAAAAAAAAAAAAAAAAAAADNZMSKSCsAAACCmb8fQ2FycmluZ3Rvbi0gSnVkaWNpYWwjQjEwMDE3LnBkZgAAAAAAAAAAAAAAAAAAAAAAAAAAAAAAAAAAAAAAAAAAALEAF8938VYAAAAAAAAAAAADAAcAAAkgAAAAAAAAAAAAAAAAAAAAD0xpdCBSZXZpZXcgS2VlcAAAEAAIAADNZQraAAAAEQAIAADPeDemAAAAAQAkAIKZvwB0JmMAaxyFAGFNmwAJ+u8ACezZAAmzXgAJpjwAAhDpAAIAoE1hY2ludG9zaCBIRDpVc2VyczoASmVyZW15OgBEcm9wYm94OgBTY2hvb2wgU3R1ZmY6AE9sZCBTY2hvb2wgU3R1ZmY6AFBlbm4gU3RhdGU6ADU0MS1TdGF0ZSBQb2xpdGljczoANTQxIFBhcGVyOgBMaXQgUmV2aWV3IEtlZXA6AENhcnJpbmd0b24tIEp1ZGljaWFsI0IxMDAxNy5wZGYADgC4AFsAQwBhAHIAcgBpAG4AZwB0AG8AbgAtACAASgB1AGQAaQBjAGkAYQBsACAASQBuAGQAZQBwAGUAbgBkAGUAbgBjAGUAIABhAG4AZAAgAEQAZQBtAG8AYwByAGEAdABpAGMAIABBAGMAYwBvAHUAbgB0AGEAYgBpAGwAaQB0AHkAIABpAG4AIABIAGkAZwBoAGUAcwB0ACAAUwB0AGEAdABlACAAQwBvAHUAcgB0AHMALgBwAGQAZgAPABoADABNAGEAYwBpAG4AdABvAHMAaAAgAEgARAASAMZVc2Vycy9KZXJlbXkvRHJvcGJveC9TY2hvb2wgU3R1ZmYvT2xkIFNjaG9vbCBTdHVmZi9QZW5uIFN0YXRlLzU0MS1TdGF0ZSBQb2xpdGljcy81NDEgUGFwZXIvTGl0IFJldmlldyBLZWVwL0NhcnJpbmd0b24tIEp1ZGljaWFsIEluZGVwZW5kZW5jZSBhbmQgRGVtb2NyYXRpYyBBY2NvdW50YWJpbGl0eSBpbiBIaWdoZXN0IFN0YXRlIENvdXJ0cy5wZGYAEwABLwAAFQACAA3//wAAgAbSGxwdHlokY2xhc3NuYW1lWCRjbGFzc2VzXU5TTXV0YWJsZURhdGGjHR8gVk5TRGF0YVhOU09iamVjdNIbHCIjXE5TRGljdGlvbmFyeaIiIF8QD05TS2V5ZWRBcmNoaXZlctEmJ1Ryb290gAEACAARABoAIwAtADIANwBAAEYATQBVAGAAZwBqAGwAbgBxAHMAdQB3AIQAjgFLAVABWASeBKAEpQSwBLkExwTLBNIE2wTgBO0E8AUCBQUFCgAAAAAAAAIBAAAAAAAAACgAAAAAAAAAAAAAAAAAAAUM}}

@article{Aspin2000,
	Author = {Aspin, Larry},
	Date-Added = {2014-11-22 23:30:22 +0000},
	Date-Modified = {2014-11-22 23:30:22 +0000},
	Journal = {Judicature},
	Pages = {79-81},
	Title = {Trends in Judicial Retention Elections, 1964-1998},
	Volume = {83},
	Year = {2000},
	Bdsk-File-1 = {YnBsaXN0MDDUAQIDBAUGJCVYJHZlcnNpb25YJG9iamVjdHNZJGFyY2hpdmVyVCR0b3ASAAGGoKgHCBMUFRYaIVUkbnVsbNMJCgsMDxJXTlMua2V5c1pOUy5vYmplY3RzViRjbGFzc6INDoACgAOiEBGABIAFgAdccmVsYXRpdmVQYXRoWWFsaWFzRGF0YV8QdS4uLy4uLy4uL1NjaG9vbCBTdHVmZi9DdXJyZW50IENsYXNzZXMvSW5kZXBlbmRlbmNlIFBhcGVyL0xpdCBSZXZpZXcvQXNwaW4tIFRyZW5kcyBpbiBKdWRpY2lhbCBSZXRlbnRpb24gRWxlY3Rpb25zLnBkZtIXCxgZV05TLmRhdGFPEQKAAAAAAAKAAAIAAAxNYWNpbnRvc2ggSEQAAAAAAAAAAAAAAAAAAADNZMSKSCsAAAFsuVIfQXNwaW4tIFRyZW5kcyBpbiBKdSMxOUQ5NDU5LnBkZgAAAAAAAAAAAAAAAAAAAAAAAAAAAAAAAAAAAAAAAAAAAZ2UWdCWe6YAAAAAAAAAAAADAAUAAAkgAAAAAAAAAAAAAAAAAAAACkxpdCBSZXZpZXcAEAAIAADNZQraAAAAEQAIAADQltAGAAAAAQAcAWy5UgFFX98ACezcAAns2QAJs14ACaY8AAIQ6QACAINNYWNpbnRvc2ggSEQ6VXNlcnM6AEplcmVteToARHJvcGJveDoAU2Nob29sIFN0dWZmOgBDdXJyZW50IENsYXNzZXM6AEluZGVwZW5kZW5jZSBQYXBlcjoATGl0IFJldmlldzoAQXNwaW4tIFRyZW5kcyBpbiBKdSMxOUQ5NDU5LnBkZgAADgBkADEAQQBzAHAAaQBuAC0AIABUAHIAZQBuAGQAcwAgAGkAbgAgAEoAdQBkAGkAYwBpAGEAbAAgAFIAZQB0AGUAbgB0AGkAbwBuACAARQBsAGUAYwB0AGkAbwBuAHMALgBwAGQAZgAPABoADABNAGEAYwBpAG4AdABvAHMAaAAgAEgARAASAIFVc2Vycy9KZXJlbXkvRHJvcGJveC9TY2hvb2wgU3R1ZmYvQ3VycmVudCBDbGFzc2VzL0luZGVwZW5kZW5jZSBQYXBlci9MaXQgUmV2aWV3L0FzcGluLSBUcmVuZHMgaW4gSnVkaWNpYWwgUmV0ZW50aW9uIEVsZWN0aW9ucy5wZGYAABMAAS8AABUAAgAN//8AAIAG0hscHR5aJGNsYXNzbmFtZVgkY2xhc3Nlc11OU011dGFibGVEYXRhox0fIFZOU0RhdGFYTlNPYmplY3TSGxwiI1xOU0RpY3Rpb25hcnmiIiBfEA9OU0tleWVkQXJjaGl2ZXLRJidUcm9vdIABAAgAEQAaACMALQAyADcAQABGAE0AVQBgAGcAagBsAG4AcQBzAHUAdwCEAI4BBgELARMDlwOZA54DqQOyA8ADxAPLA9QD2QPmA+kD+wP+BAMAAAAAAAACAQAAAAAAAAAoAAAAAAAAAAAAAAAAAAAEBQ==}}

@article{Reid1999,
	Author = {Reid, Tracial V.},
	Date-Added = {2014-11-22 23:20:55 +0000},
	Date-Modified = {2014-11-22 23:20:55 +0000},
	Journal = {Judicature},
	Pages = {68-77},
	Title = {The Politicization of Retention Elections: Lessons from the Defeat of Justices Lanphier and White},
	Volume = {83},
	Year = {1999},
	Bdsk-File-1 = {YnBsaXN0MDDUAQIDBAUGJCVYJHZlcnNpb25YJG9iamVjdHNZJGFyY2hpdmVyVCR0b3ASAAGGoKgHCBMUFRYaIVUkbnVsbNMJCgsMDxJXTlMua2V5c1pOUy5vYmplY3RzViRjbGFzc6INDoACgAOiEBGABIAFgAdccmVsYXRpdmVQYXRoWWFsaWFzRGF0YV8Qry4uLy4uLy4uL1NjaG9vbCBTdHVmZi9DdXJyZW50IENsYXNzZXMvSW5kZXBlbmRlbmNlIFBhcGVyL0xpdCBSZXZpZXcvUmVpZC0gVGhlIFBvbGl0aWNpemF0aW9uIG9mIFJldGVudGlvbiBFbGVjdGlvbnMtIExlc3NvbnMgZnJvbSB0aGUgRGVmZWF0IG9mIEp1c3RpY2VzIExhbnBoaWVyIGFuZCBXaGl0ZS5wZGbSFwsYGVdOUy5kYXRhTxEDLgAAAAADLgACAAAMTWFjaW50b3NoIEhEAAAAAAAAAAAAAAAAAAAAzWTEikgrAAABbLlSH1JlaWQtIFRoZSBQb2xpdGljaXojMTZDQjhDMS5wZGYAAAAAAAAAAAAAAAAAAAAAAAAAAAAAAAAAAAAAAAAAAAFsuMHPfyeKAAAAAAAAAAAAAwAFAAAJIAAAAAAAAAAAAAAAAAAAAApMaXQgUmV2aWV3ABAACAAAzWUK2gAAABEACAAAz39t2gAAAAEAHAFsuVIBRV/fAAns3AAJ7NkACbNeAAmmPAACEOkAAgCDTWFjaW50b3NoIEhEOlVzZXJzOgBKZXJlbXk6AERyb3Bib3g6AFNjaG9vbCBTdHVmZjoAQ3VycmVudCBDbGFzc2VzOgBJbmRlcGVuZGVuY2UgUGFwZXI6AExpdCBSZXZpZXc6AFJlaWQtIFRoZSBQb2xpdGljaXojMTZDQjhDMS5wZGYAAA4A2ABrAFIAZQBpAGQALQAgAFQAaABlACAAUABvAGwAaQB0AGkAYwBpAHoAYQB0AGkAbwBuACAAbwBmACAAUgBlAHQAZQBuAHQAaQBvAG4AIABFAGwAZQBjAHQAaQBvAG4AcwAtACAATABlAHMAcwBvAG4AcwAgAGYAcgBvAG0AIAB0AGgAZQAgAEQAZQBmAGUAYQB0ACAAbwBmACAASgB1AHMAdABpAGMAZQBzACAATABhAG4AcABoAGkAZQByACAAYQBuAGQAIABXAGgAaQB0AGUALgBwAGQAZgAPABoADABNAGEAYwBpAG4AdABvAHMAaAAgAEgARAASALtVc2Vycy9KZXJlbXkvRHJvcGJveC9TY2hvb2wgU3R1ZmYvQ3VycmVudCBDbGFzc2VzL0luZGVwZW5kZW5jZSBQYXBlci9MaXQgUmV2aWV3L1JlaWQtIFRoZSBQb2xpdGljaXphdGlvbiBvZiBSZXRlbnRpb24gRWxlY3Rpb25zLSBMZXNzb25zIGZyb20gdGhlIERlZmVhdCBvZiBKdXN0aWNlcyBMYW5waGllciBhbmQgV2hpdGUucGRmAAATAAEvAAAVAAIADf//AACABtIbHB0eWiRjbGFzc25hbWVYJGNsYXNzZXNdTlNNdXRhYmxlRGF0YaMdHyBWTlNEYXRhWE5TT2JqZWN00hscIiNcTlNEaWN0aW9uYXJ5oiIgXxAPTlNLZXllZEFyY2hpdmVy0SYnVHJvb3SAAQAIABEAGgAjAC0AMgA3AEAARgBNAFUAYABnAGoAbABuAHEAcwB1AHcAhACOAUABRQFNBH8EgQSGBJEEmgSoBKwEswS8BMEEzgTRBOME5gTrAAAAAAAAAgEAAAAAAAAAKAAAAAAAAAAAAAAAAAAABO0=}}

@techreport{Debow2013,
	Author = {Debow, Michael and Brey, Diane and Kaardal, Erick and Soroko, John and Strickland, Frank and Wallace, Michael B.},
	Date-Added = {2014-11-22 22:14:57 +0000},
	Date-Modified = {2014-11-22 22:14:57 +0000},
	Institution = {The Federalist Society},
	Title = {The Case for Partisan Judicial Elections},
	Year = {2013},
	Bdsk-File-1 = {YnBsaXN0MDDUAQIDBAUGJCVYJHZlcnNpb25YJG9iamVjdHNZJGFyY2hpdmVyVCR0b3ASAAGGoKgHCBMUFRYaIVUkbnVsbNMJCgsMDxJXTlMua2V5c1pOUy5vYmplY3RzViRjbGFzc6INDoACgAOiEBGABIAFgAdccmVsYXRpdmVQYXRoWWFsaWFzRGF0YV8Qdy4uLy4uLy4uL1NjaG9vbCBTdHVmZi9DdXJyZW50IENsYXNzZXMvSW5kZXBlbmRlbmNlIFBhcGVyL0xpdCBSZXZpZXcvRGVib3ctIFRoZSBDYXNlIGZvciBQYXJ0aXNhbiBKdWRpY2lhbCBFbGVjdGlvbnMucGRm0hcLGBlXTlMuZGF0YU8RAoYAAAAAAoYAAgAADE1hY2ludG9zaCBIRAAAAAAAAAAAAAAAAAAAAM1kxIpIKwAAAWy5Uh9EZWJvdy0gVGhlIENhc2UgZm9yIzE5RDk2RjcucGRmAAAAAAAAAAAAAAAAAAAAAAAAAAAAAAAAAAAAAAAAAAABnZb30JZ7+AAAAAAAAAAAAAMABQAACSAAAAAAAAAAAAAAAAAAAAAKTGl0IFJldmlldwAQAAgAAM1lCtoAAAARAAgAANCW0FgAAAABABwBbLlSAUVf3wAJ7NwACezZAAmzXgAJpjwAAhDpAAIAg01hY2ludG9zaCBIRDpVc2VyczoASmVyZW15OgBEcm9wYm94OgBTY2hvb2wgU3R1ZmY6AEN1cnJlbnQgQ2xhc3NlczoASW5kZXBlbmRlbmNlIFBhcGVyOgBMaXQgUmV2aWV3OgBEZWJvdy0gVGhlIENhc2UgZm9yIzE5RDk2RjcucGRmAAAOAGgAMwBEAGUAYgBvAHcALQAgAFQAaABlACAAQwBhAHMAZQAgAGYAbwByACAAUABhAHIAdABpAHMAYQBuACAASgB1AGQAaQBjAGkAYQBsACAARQBsAGUAYwB0AGkAbwBuAHMALgBwAGQAZgAPABoADABNAGEAYwBpAG4AdABvAHMAaAAgAEgARAASAINVc2Vycy9KZXJlbXkvRHJvcGJveC9TY2hvb2wgU3R1ZmYvQ3VycmVudCBDbGFzc2VzL0luZGVwZW5kZW5jZSBQYXBlci9MaXQgUmV2aWV3L0RlYm93LSBUaGUgQ2FzZSBmb3IgUGFydGlzYW4gSnVkaWNpYWwgRWxlY3Rpb25zLnBkZgAAEwABLwAAFQACAA3//wAAgAbSGxwdHlokY2xhc3NuYW1lWCRjbGFzc2VzXU5TTXV0YWJsZURhdGGjHR8gVk5TRGF0YVhOU09iamVjdNIbHCIjXE5TRGljdGlvbmFyeaIiIF8QD05TS2V5ZWRBcmNoaXZlctEmJ1Ryb290gAEACAARABoAIwAtADIANwBAAEYATQBVAGAAZwBqAGwAbgBxAHMAdQB3AIQAjgEIAQ0BFQOfA6EDpgOxA7oDyAPMA9MD3APhA+4D8QQDBAYECwAAAAAAAAIBAAAAAAAAACgAAAAAAAAAAAAAAAAAAAQN}}

@misc{Mizzou,
	Author = {Missouri Supreme Court},
	Date-Added = {2014-11-22 22:07:57 +0000},
	Date-Modified = {2014-11-22 22:10:33 +0000},
	Organization = {Missouri Supreme Court},
	Title = {Missouri Nonpartisan Court Plan},
	Url = {http://www.courts.mo.gov/page.jsp?id=297},
	Year = {2014},
	Bdsk-File-1 = {YnBsaXN0MDDUAQIDBAUGJCVYJHZlcnNpb25YJG9iamVjdHNZJGFyY2hpdmVyVCR0b3ASAAGGoKgHCBMUFRYaIVUkbnVsbNMJCgsMDxJXTlMua2V5c1pOUy5vYmplY3RzViRjbGFzc6INDoACgAOiEBGABIAFgAdccmVsYXRpdmVQYXRoWWFsaWFzRGF0YV8Qli4uLy4uLy4uL1NjaG9vbCBTdHVmZi9DdXJyZW50IENsYXNzZXMvSW5kZXBlbmRlbmNlIFBhcGVyL0xpdCBSZXZpZXcvRG9ja2V0IENvbnRyb2wgQXJ0aWNsZXMvS2VlcC9ET0NLRVQgQ09OVFJPTCBBUyBBTiBJTkZMVUVOQ0UgT04gSlVESUNJQUwgVk9USU5HLnBkZtIXCxgZV05TLmRhdGFPEQLIAAAAAALIAAIAAAxNYWNpbnRvc2ggSEQAAAAAAAAAAAAAAAAAAADNZMSKSCsAAAGdzgEfRE9DS0VUIENPTlRST0wgQVMgQSMxNkJFMEM3LnBkZgAAAAAAAAAAAAAAAAAAAAAAAAAAAAAAAAAAAAAAAAAAAWvgx9BQfi0AAAAAAAAAAAADAAcAAAkgAAAAAAAAAAAAAAAAAAAABEtlZXAAEAAIAADNZQraAAAAEQAIAADQUMR9AAAAAQAkAZ3OAQFr4P0BbLlSAUVf3wAJ7NwACezZAAmzXgAJpjwAAhDpAAIAok1hY2ludG9zaCBIRDpVc2VyczoASmVyZW15OgBEcm9wYm94OgBTY2hvb2wgU3R1ZmY6AEN1cnJlbnQgQ2xhc3NlczoASW5kZXBlbmRlbmNlIFBhcGVyOgBMaXQgUmV2aWV3OgBEb2NrZXQgQ29udHJvbCBBcnRpY2xlczoAS2VlcDoARE9DS0VUIENPTlRST0wgQVMgQSMxNkJFMEM3LnBkZgAOAGwANQBEAE8AQwBLAEUAVAAgAEMATwBOAFQAUgBPAEwAIABBAFMAIABBAE4AIABJAE4ARgBMAFUARQBOAEMARQAgAE8ATgAgAEoAVQBEAEkAQwBJAEEATAAgAFYATwBUAEkATgBHAC4AcABkAGYADwAaAAwATQBhAGMAaQBuAHQAbwBzAGgAIABIAEQAEgCiVXNlcnMvSmVyZW15L0Ryb3Bib3gvU2Nob29sIFN0dWZmL0N1cnJlbnQgQ2xhc3Nlcy9JbmRlcGVuZGVuY2UgUGFwZXIvTGl0IFJldmlldy9Eb2NrZXQgQ29udHJvbCBBcnRpY2xlcy9LZWVwL0RPQ0tFVCBDT05UUk9MIEFTIEFOIElORkxVRU5DRSBPTiBKVURJQ0lBTCBWT1RJTkcucGRmABMAAS8AABUAAgAN//8AAIAG0hscHR5aJGNsYXNzbmFtZVgkY2xhc3Nlc11OU011dGFibGVEYXRhox0fIFZOU0RhdGFYTlNPYmplY3TSGxwiI1xOU0RpY3Rpb25hcnmiIiBfEA9OU0tleWVkQXJjaGl2ZXLRJidUcm9vdIABAAgAEQAaACMALQAyADcAQABGAE0AVQBgAGcAagBsAG4AcQBzAHUAdwCEAI4BJwEsATQEAAQCBAcEEgQbBCkELQQ0BD0EQgRPBFIEZARnBGwAAAAAAAACAQAAAAAAAAAoAAAAAAAAAAAAAAAAAAAEbg==},
	Bdsk-Url-1 = {http://www.courts.mo.gov/page.jsp?id=297}}

@incollection{Hall2007,
	Address = {New York},
	Author = {Hall, Melinda Gann},
	Booktitle = {Running for Judge: The Rising Political, Financial, and Legal Stakes of Judicial Elections},
	Date-Added = {2014-11-22 21:58:15 +0000},
	Date-Modified = {2014-11-22 21:58:15 +0000},
	Editor = {Matthew Streb},
	Publisher = {New York University Press},
	Title = {Competition as Accountability in State Supreme Court Elections},
	Year = {2007}}

@article{Caldarone2009,
	Author = {Caldarone, Richard P. and Canes-Wrone, Brandice and Clark, Tom S.},
	Date-Added = {2014-11-22 21:49:48 +0000},
	Date-Modified = {2014-11-22 21:49:48 +0000},
	Journal = {The Journal of Politics},
	Number = {2},
	Pages = {560-573},
	Title = {Partisan Labels and Democratic Accountability: An Analysis of State Supreme Court Abortion Decisions},
	Volume = {71},
	Year = {2009},
	Bdsk-File-1 = {YnBsaXN0MDDUAQIDBAUGJCVYJHZlcnNpb25YJG9iamVjdHNZJGFyY2hpdmVyVCR0b3ASAAGGoKgHCBMUFRYaIVUkbnVsbNMJCgsMDxJXTlMua2V5c1pOUy5vYmplY3RzViRjbGFzc6INDoACgAOiEBGABIAFgAdccmVsYXRpdmVQYXRoWWFsaWFzRGF0YV8Q0i4uLy4uLy4uL1NjaG9vbCBTdHVmZi9PbGQgU2Nob29sIFN0dWZmL1Blbm4gU3RhdGUvNTQxLVN0YXRlIFBvbGl0aWNzLzU0MSBQYXBlci9MaXQgUmV2aWV3IEtlZXAvQ2FsZGFyb25lLSBQYXJ0aXNhbiBMYWJlbHMgYW5kIERlbW9jcmF0aWMgQWNjb3VudGFiaWxpdHktIEFuIEFuYWx5c2lzIG9mIFN0YXRlIFN1cHJlbWUgQ291cnQgQWJvcnRpb24gRGVjaXNpb25zLnBkZtIXCxgZV05TLmRhdGFPEQOKAAAAAAOKAAIAAAxNYWNpbnRvc2ggSEQAAAAAAAAAAAAAAAAAAADNZMSKSCsAAACCmb8fQ2FsZGFyb25lLSBQYXJ0aXNhbiAjOENGQkU0LnBkZgAAAAAAAAAAAAAAAAAAAAAAAAAAAAAAAAAAAAAAAAAAAIz75M8RHYYAAAAAAAAAAAADAAcAAAkgAAAAAAAAAAAAAAAAAAAAD0xpdCBSZXZpZXcgS2VlcAAAEAAIAADNZQraAAAAEQAIAADPEXHmAAAAAQAkAIKZvwB0JmMAaxyFAGFNmwAJ+u8ACezZAAmzXgAJpjwAAhDpAAIAoE1hY2ludG9zaCBIRDpVc2VyczoASmVyZW15OgBEcm9wYm94OgBTY2hvb2wgU3R1ZmY6AE9sZCBTY2hvb2wgU3R1ZmY6AFBlbm4gU3RhdGU6ADU0MS1TdGF0ZSBQb2xpdGljczoANTQxIFBhcGVyOgBMaXQgUmV2aWV3IEtlZXA6AENhbGRhcm9uZS0gUGFydGlzYW4gIzhDRkJFNC5wZGYADgDoAHMAQwBhAGwAZABhAHIAbwBuAGUALQAgAFAAYQByAHQAaQBzAGEAbgAgAEwAYQBiAGUAbABzACAAYQBuAGQAIABEAGUAbQBvAGMAcgBhAHQAaQBjACAAQQBjAGMAbwB1AG4AdABhAGIAaQBsAGkAdAB5AC0AIABBAG4AIABBAG4AYQBsAHkAcwBpAHMAIABvAGYAIABTAHQAYQB0AGUAIABTAHUAcAByAGUAbQBlACAAQwBvAHUAcgB0ACAAQQBiAG8AcgB0AGkAbwBuACAARABlAGMAaQBzAGkAbwBuAHMALgBwAGQAZgAPABoADABNAGEAYwBpAG4AdABvAHMAaAAgAEgARAASAN5Vc2Vycy9KZXJlbXkvRHJvcGJveC9TY2hvb2wgU3R1ZmYvT2xkIFNjaG9vbCBTdHVmZi9QZW5uIFN0YXRlLzU0MS1TdGF0ZSBQb2xpdGljcy81NDEgUGFwZXIvTGl0IFJldmlldyBLZWVwL0NhbGRhcm9uZS0gUGFydGlzYW4gTGFiZWxzIGFuZCBEZW1vY3JhdGljIEFjY291bnRhYmlsaXR5LSBBbiBBbmFseXNpcyBvZiBTdGF0ZSBTdXByZW1lIENvdXJ0IEFib3J0aW9uIERlY2lzaW9ucy5wZGYAEwABLwAAFQACAA3//wAAgAbSGxwdHlokY2xhc3NuYW1lWCRjbGFzc2VzXU5TTXV0YWJsZURhdGGjHR8gVk5TRGF0YVhOU09iamVjdNIbHCIjXE5TRGljdGlvbmFyeaIiIF8QD05TS2V5ZWRBcmNoaXZlctEmJ1Ryb290gAEACAARABoAIwAtADIANwBAAEYATQBVAGAAZwBqAGwAbgBxAHMAdQB3AIQAjgFjAWgBcAT+BQAFBQUQBRkFJwUrBTIFOwVABU0FUAViBWUFagAAAAAAAAIBAAAAAAAAACgAAAAAAAAAAAAAAAAAAAVs}}

@article{Canes-Wrone2012,
	Author = {Canes-Wrone, Brandice and Clark, Tom S. and Park, Jee-Kwang},
	Date-Added = {2014-11-22 21:49:31 +0000},
	Date-Modified = {2014-11-22 21:49:31 +0000},
	Journal = {Journal of Law, Economics, and Organization},
	Number = {2},
	Pages = {211-234},
	Title = {Judicial Independence and Retention Elections},
	Volume = {28},
	Year = {2012},
	Bdsk-File-1 = {YnBsaXN0MDDUAQIDBAUGJCVYJHZlcnNpb25YJG9iamVjdHNZJGFyY2hpdmVyVCR0b3ASAAGGoKgHCBMUFRYaIVUkbnVsbNMJCgsMDxJXTlMua2V5c1pOUy5vYmplY3RzViRjbGFzc6INDoACgAOiEBGABIAFgAdccmVsYXRpdmVQYXRoWWFsaWFzRGF0YV8Qgi4uLy4uLy4uL1NjaG9vbCBTdHVmZi9DdXJyZW50IENsYXNzZXMvSW5kZXBlbmRlbmNlIFBhcGVyL0xpdCBSZXZpZXcvQ2FuZXMtV3JvbmUtIGp1ZGljaWFsIGluZGVwZW5kZW5jZSBhbmQgcmV0ZW50aW9uIGVsZWN0aW9ucy5wZGbSFwsYGVdOUy5kYXRhTxECpgAAAAACpgACAAAMTWFjaW50b3NoIEhEAAAAAAAAAAAAAAAAAAAAzWTEikgrAAABbLlSH0NhbmVzLVdyb25lLSBqdWRpY2kjMTZDQjhCNC5wZGYAAAAAAAAAAAAAAAAAAAAAAAAAAAAAAAAAAAAAAAAAAAFsuLTOhUjNAAAAAAAAAAAAAwAFAAAJIAAAAAAAAAAAAAAAAAAAAApMaXQgUmV2aWV3ABAACAAAzWUK2gAAABEACAAAzoWPHQAAAAEAHAFsuVIBRV/fAAns3AAJ7NkACbNeAAmmPAACEOkAAgCDTWFjaW50b3NoIEhEOlVzZXJzOgBKZXJlbXk6AERyb3Bib3g6AFNjaG9vbCBTdHVmZjoAQ3VycmVudCBDbGFzc2VzOgBJbmRlcGVuZGVuY2UgUGFwZXI6AExpdCBSZXZpZXc6AENhbmVzLVdyb25lLSBqdWRpY2kjMTZDQjhCNC5wZGYAAA4AfgA+AEMAYQBuAGUAcwAtAFcAcgBvAG4AZQAtACAAagB1AGQAaQBjAGkAYQBsACAAaQBuAGQAZQBwAGUAbgBkAGUAbgBjAGUAIABhAG4AZAAgAHIAZQB0AGUAbgB0AGkAbwBuACAAZQBsAGUAYwB0AGkAbwBuAHMALgBwAGQAZgAPABoADABNAGEAYwBpAG4AdABvAHMAaAAgAEgARAASAI5Vc2Vycy9KZXJlbXkvRHJvcGJveC9TY2hvb2wgU3R1ZmYvQ3VycmVudCBDbGFzc2VzL0luZGVwZW5kZW5jZSBQYXBlci9MaXQgUmV2aWV3L0NhbmVzLVdyb25lLSBqdWRpY2lhbCBpbmRlcGVuZGVuY2UgYW5kIHJldGVudGlvbiBlbGVjdGlvbnMucGRmABMAAS8AABUAAgAN//8AAIAG0hscHR5aJGNsYXNzbmFtZVgkY2xhc3Nlc11OU011dGFibGVEYXRhox0fIFZOU0RhdGFYTlNPYmplY3TSGxwiI1xOU0RpY3Rpb25hcnmiIiBfEA9OU0tleWVkQXJjaGl2ZXLRJidUcm9vdIABAAgAEQAaACMALQAyADcAQABGAE0AVQBgAGcAagBsAG4AcQBzAHUAdwCEAI4BEwEYASADygPMA9ED3APlA/MD9wP+BAcEDAQZBBwELgQxBDYAAAAAAAACAQAAAAAAAAAoAAAAAAAAAAAAAAAAAAAEOA==}}

@article{Apodaca2004,
	Author = {Clair Apodaca},
	Date-Added = {2014-11-22 18:40:44 +0000},
	Date-Modified = {2014-11-22 18:41:23 +0000},
	Journal = {Judicature},
	Pages = {292-299},
	Title = {The Rule of Law and Human Rights},
	Volume = {87},
	Year = {2004},
	Bdsk-File-1 = {YnBsaXN0MDDUAQIDBAUGJCVYJHZlcnNpb25YJG9iamVjdHNZJGFyY2hpdmVyVCR0b3ASAAGGoKgHCBMUFRYaIVUkbnVsbNMJCgsMDxJXTlMua2V5c1pOUy5vYmplY3RzViRjbGFzc6INDoACgAOiEBGABIAFgAdccmVsYXRpdmVQYXRoWWFsaWFzRGF0YV8QcS4uLy4uLy4uL1NjaG9vbCBTdHVmZi9DdXJyZW50IENsYXNzZXMvSW5kZXBlbmRlbmNlIFBhcGVyL0xpdCBSZXZpZXcvQXBvZGFjYS0gVGhlIFJ1bGUgb2YgTGF3IGFuZCBIdW1hbiBSaWdodHMucGRm0hcLGBlXTlMuZGF0YU8RAnQAAAAAAnQAAgAADE1hY2ludG9zaCBIRAAAAAAAAAAAAAAAAAAAAM1kxIpIKwAAAWy5Uh9BcG9kYWNhLSBUaGUgUnVsZSBvIzE5RDkzQkQucGRmAAAAAAAAAAAAAAAAAAAAAAAAAAAAAAAAAAAAAAAAAAABnZO90JZ7UgAAAAAAAAAAAAMABQAACSAAAAAAAAAAAAAAAAAAAAAKTGl0IFJldmlldwAQAAgAAM1lCtoAAAARAAgAANCWz7IAAAABABwBbLlSAUVf3wAJ7NwACezZAAmzXgAJpjwAAhDpAAIAg01hY2ludG9zaCBIRDpVc2VyczoASmVyZW15OgBEcm9wYm94OgBTY2hvb2wgU3R1ZmY6AEN1cnJlbnQgQ2xhc3NlczoASW5kZXBlbmRlbmNlIFBhcGVyOgBMaXQgUmV2aWV3OgBBcG9kYWNhLSBUaGUgUnVsZSBvIzE5RDkzQkQucGRmAAAOAFwALQBBAHAAbwBkAGEAYwBhAC0AIABUAGgAZQAgAFIAdQBsAGUAIABvAGYAIABMAGEAdwAgAGEAbgBkACAASAB1AG0AYQBuACAAUgBpAGcAaAB0AHMALgBwAGQAZgAPABoADABNAGEAYwBpAG4AdABvAHMAaAAgAEgARAASAH1Vc2Vycy9KZXJlbXkvRHJvcGJveC9TY2hvb2wgU3R1ZmYvQ3VycmVudCBDbGFzc2VzL0luZGVwZW5kZW5jZSBQYXBlci9MaXQgUmV2aWV3L0Fwb2RhY2EtIFRoZSBSdWxlIG9mIExhdyBhbmQgSHVtYW4gUmlnaHRzLnBkZgAAEwABLwAAFQACAA3//wAAgAbSGxwdHlokY2xhc3NuYW1lWCRjbGFzc2VzXU5TTXV0YWJsZURhdGGjHR8gVk5TRGF0YVhOU09iamVjdNIbHCIjXE5TRGljdGlvbmFyeaIiIF8QD05TS2V5ZWRBcmNoaXZlctEmJ1Ryb290gAEACAARABoAIwAtADIANwBAAEYATQBVAGAAZwBqAGwAbgBxAHMAdQB3AIQAjgECAQcBDwOHA4kDjgOZA6IDsAO0A7sDxAPJA9YD2QPrA+4D8wAAAAAAAAIBAAAAAAAAACgAAAAAAAAAAAAAAAAAAAP1}}

@misc{Cingranelli2008,
	Author = {David L. Cingranelli and David L. Richards},
	Date-Added = {2014-11-22 18:38:08 +0000},
	Date-Modified = {2014-11-22 18:39:33 +0000},
	Howpublished = {Online},
	Title = {The Cingranelli-Richards (CIRI) Human Rights Dataset},
	Url = {\url{http://www.humanrightsdata.org/}},
	Year = {2008},
	Bdsk-Url-1 = {http://www.humanrightsdata.org/}}

@article{Laporta2004,
	Author = {Rafael {La Porta} and Florencio Lopez de Silanes and Cristian Pop-Eleches and Andrei Shleifer},
	Date-Added = {2014-11-22 18:36:18 +0000},
	Date-Modified = {2014-11-22 23:38:50 +0000},
	Journal = {Journal of Political Economy},
	Pages = {445-70},
	Title = {Judicial Checks and Balances},
	Volume = {112},
	Year = {2004},
	Bdsk-File-1 = {YnBsaXN0MDDUAQIDBAUGJCVYJHZlcnNpb25YJG9iamVjdHNZJGFyY2hpdmVyVCR0b3ASAAGGoKgHCBMUFRYaIVUkbnVsbNMJCgsMDxJXTlMua2V5c1pOUy5vYmplY3RzViRjbGFzc6INDoACgAOiEBGABIAFgAdccmVsYXRpdmVQYXRoWWFsaWFzRGF0YV8Qbi4uLy4uLy4uL1NjaG9vbCBTdHVmZi9DdXJyZW50IENsYXNzZXMvSW5kZXBlbmRlbmNlIFBhcGVyL0xpdCBSZXZpZXcvTGEgUG9ydGEtIEp1ZGljaWFsIENoZWNrcyBhbmQgQmFsYW5jZXMucGRm0hcLGBlXTlMuZGF0YU8RAmoAAAAAAmoAAgAADE1hY2ludG9zaCBIRAAAAAAAAAAAAAAAAAAAAM1kxIpIKwAAAWy5Uh9MYSBQb3J0YS0gSnVkaWNpYWwgIzE1Mzc5NTcucGRmAAAAAAAAAAAAAAAAAAAAAAAAAAAAAAAAAAAAAAAAAAABU3lX0DztEwAAAAAAAAAAAAMABQAACSAAAAAAAAAAAAAAAAAAAAAKTGl0IFJldmlldwAQAAgAAM1lCtoAAAARAAgAANA9M2MAAAABABwBbLlSAUVf3wAJ7NwACezZAAmzXgAJpjwAAhDpAAIAg01hY2ludG9zaCBIRDpVc2VyczoASmVyZW15OgBEcm9wYm94OgBTY2hvb2wgU3R1ZmY6AEN1cnJlbnQgQ2xhc3NlczoASW5kZXBlbmRlbmNlIFBhcGVyOgBMaXQgUmV2aWV3OgBMYSBQb3J0YS0gSnVkaWNpYWwgIzE1Mzc5NTcucGRmAAAOAFYAKgBMAGEAIABQAG8AcgB0AGEALQAgAEoAdQBkAGkAYwBpAGEAbAAgAEMAaABlAGMAawBzACAAYQBuAGQAIABCAGEAbABhAG4AYwBlAHMALgBwAGQAZgAPABoADABNAGEAYwBpAG4AdABvAHMAaAAgAEgARAASAHpVc2Vycy9KZXJlbXkvRHJvcGJveC9TY2hvb2wgU3R1ZmYvQ3VycmVudCBDbGFzc2VzL0luZGVwZW5kZW5jZSBQYXBlci9MaXQgUmV2aWV3L0xhIFBvcnRhLSBKdWRpY2lhbCBDaGVja3MgYW5kIEJhbGFuY2VzLnBkZgATAAEvAAAVAAIADf//AACABtIbHB0eWiRjbGFzc25hbWVYJGNsYXNzZXNdTlNNdXRhYmxlRGF0YaMdHyBWTlNEYXRhWE5TT2JqZWN00hscIiNcTlNEaWN0aW9uYXJ5oiIgXxAPTlNLZXllZEFyY2hpdmVy0SYnVHJvb3SAAQAIABEAGgAjAC0AMgA3AEAARgBNAFUAYABnAGoAbABuAHEAcwB1AHcAhACOAP8BBAEMA3oDfAOBA4wDlQOjA6cDrgO3A7wDyQPMA94D4QPmAAAAAAAAAgEAAAAAAAAAKAAAAAAAAAAAAAAAAAAAA+g=}}

@article{Melton2014,
	Author = {James Melton and Tom Ginsburg},
	Date-Added = {2014-11-22 18:24:08 +0000},
	Date-Modified = {2014-11-22 18:26:20 +0000},
	Journal = {Journal of Law and Courts},
	Month = {Fall},
	Number = {2},
	Pages = {187-217},
	Title = {Does De Jure Judicial Independence Really Matter?: A Reevaluation of Explanations for Judicial Independence},
	Volume = {2},
	Year = {2014},
	Bdsk-File-1 = {YnBsaXN0MDDUAQIDBAUGJCVYJHZlcnNpb25YJG9iamVjdHNZJGFyY2hpdmVyVCR0b3ASAAGGoKgHCBMUFRYaIVUkbnVsbNMJCgsMDxJXTlMua2V5c1pOUy5vYmplY3RzViRjbGFzc6INDoACgAOiEBGABIAFgAdccmVsYXRpdmVQYXRoWWFsaWFzRGF0YV8QgC4uLy4uLy4uL1NjaG9vbCBTdHVmZi9DdXJyZW50IENsYXNzZXMvSW5kZXBlbmRlbmNlIFBhcGVyL0xpdCBSZXZpZXcvTWVsdG9uLSBEb2VzIGRlIGp1cmUganVkaWNpYWwgaW5kZXBlbmRlbmNlIHJlYWxseSBtYXR0ZXIucGRm0hcLGBlXTlMuZGF0YU8RAqAAAAAAAqAAAgAADE1hY2ludG9zaCBIRAAAAAAAAAAAAAAAAAAAAM1kxIpIKwAAAWy5Uh9NZWx0b24tIERvZXMgZGUganVyIzE5RDU3OTcucGRmAAAAAAAAAAAAAAAAAAAAAAAAAAAAAAAAAAAAAAAAAAABnVeX0Hk6SgAAAAAAAAAAAAMABQAACSAAAAAAAAAAAAAAAAAAAAAKTGl0IFJldmlldwAQAAgAAM1lCtoAAAARAAgAANB5gJoAAAABABwBbLlSAUVf3wAJ7NwACezZAAmzXgAJpjwAAhDpAAIAg01hY2ludG9zaCBIRDpVc2VyczoASmVyZW15OgBEcm9wYm94OgBTY2hvb2wgU3R1ZmY6AEN1cnJlbnQgQ2xhc3NlczoASW5kZXBlbmRlbmNlIFBhcGVyOgBMaXQgUmV2aWV3OgBNZWx0b24tIERvZXMgZGUganVyIzE5RDU3OTcucGRmAAAOAHoAPABNAGUAbAB0AG8AbgAtACAARABvAGUAcwAgAGQAZQAgAGoAdQByAGUAIABqAHUAZABpAGMAaQBhAGwAIABpAG4AZABlAHAAZQBuAGQAZQBuAGMAZQAgAHIAZQBhAGwAbAB5ACAAbQBhAHQAdABlAHIALgBwAGQAZgAPABoADABNAGEAYwBpAG4AdABvAHMAaAAgAEgARAASAIxVc2Vycy9KZXJlbXkvRHJvcGJveC9TY2hvb2wgU3R1ZmYvQ3VycmVudCBDbGFzc2VzL0luZGVwZW5kZW5jZSBQYXBlci9MaXQgUmV2aWV3L01lbHRvbi0gRG9lcyBkZSBqdXJlIGp1ZGljaWFsIGluZGVwZW5kZW5jZSByZWFsbHkgbWF0dGVyLnBkZgATAAEvAAAVAAIADf//AACABtIbHB0eWiRjbGFzc25hbWVYJGNsYXNzZXNdTlNNdXRhYmxlRGF0YaMdHyBWTlNEYXRhWE5TT2JqZWN00hscIiNcTlNEaWN0aW9uYXJ5oiIgXxAPTlNLZXllZEFyY2hpdmVy0SYnVHJvb3SAAQAIABEAGgAjAC0AMgA3AEAARgBNAFUAYABnAGoAbABuAHEAcwB1AHcAhACOAREBFgEeA8IDxAPJA9QD3QPrA+8D9gP/BAQEEQQUBCYEKQQuAAAAAAAAAgEAAAAAAAAAKAAAAAAAAAAAAAAAAAAABDA=}}

@article{Feld2003,
	Author = {Lars P. Feld and Stefan Voigt},
	Date-Added = {2014-11-22 18:21:53 +0000},
	Date-Modified = {2014-11-22 18:23:01 +0000},
	Journal = {European Journal of Political Economy},
	Pages = {497-527},
	Title = {Economic Growth and Judicial Independence: Cross-Country Evidence Using a New Set of Indicators},
	Volume = {19},
	Year = {2003},
	Bdsk-File-1 = {YnBsaXN0MDDUAQIDBAUGJCVYJHZlcnNpb25YJG9iamVjdHNZJGFyY2hpdmVyVCR0b3ASAAGGoKgHCBMUFRYaIVUkbnVsbNMJCgsMDxJXTlMua2V5c1pOUy5vYmplY3RzViRjbGFzc6INDoACgAOiEBGABIAFgAdccmVsYXRpdmVQYXRoWWFsaWFzRGF0YV8QrC4uLy4uLy4uL1NjaG9vbCBTdHVmZi9DdXJyZW50IENsYXNzZXMvSW5kZXBlbmRlbmNlIFBhcGVyL0xpdCBSZXZpZXcvRmVsZC0gRWNvbm9taWMgR3Jvd3RoIGFuZCBKdWRpY2lhbCBJbmRlcGVuZGVuY2UgQ3Jvc3MtQ291bnRyeSBFdmlkZW5jZSBVc2luZyBhIE5ldyBTZXQgb2YgSW5kaWNhdG9ycy5wZGbSFwsYGVdOUy5kYXRhTxEDJAAAAAADJAACAAAMTWFjaW50b3NoIEhEAAAAAAAAAAAAAAAAAAAAzWTEikgrAAABbLlSH0ZlbGQtIEVjb25vbWljIEdyb3cjMTZDQjhCOC5wZGYAAAAAAAAAAAAAAAAAAAAAAAAAAAAAAAAAAAAAAAAAAAFsuLjPRKp7AAAAAAAAAAAAAwAFAAAJIAAAAAAAAAAAAAAAAAAAAApMaXQgUmV2aWV3ABAACAAAzWUK2gAAABEACAAAz0TwywAAAAEAHAFsuVIBRV/fAAns3AAJ7NkACbNeAAmmPAACEOkAAgCDTWFjaW50b3NoIEhEOlVzZXJzOgBKZXJlbXk6AERyb3Bib3g6AFNjaG9vbCBTdHVmZjoAQ3VycmVudCBDbGFzc2VzOgBJbmRlcGVuZGVuY2UgUGFwZXI6AExpdCBSZXZpZXc6AEZlbGQtIEVjb25vbWljIEdyb3cjMTZDQjhCOC5wZGYAAA4A0gBoAEYAZQBsAGQALQAgAEUAYwBvAG4AbwBtAGkAYwAgAEcAcgBvAHcAdABoACAAYQBuAGQAIABKAHUAZABpAGMAaQBhAGwAIABJAG4AZABlAHAAZQBuAGQAZQBuAGMAZQAgAEMAcgBvAHMAcwAtAEMAbwB1AG4AdAByAHkAIABFAHYAaQBkAGUAbgBjAGUAIABVAHMAaQBuAGcAIABhACAATgBlAHcAIABTAGUAdAAgAG8AZgAgAEkAbgBkAGkAYwBhAHQAbwByAHMALgBwAGQAZgAPABoADABNAGEAYwBpAG4AdABvAHMAaAAgAEgARAASALhVc2Vycy9KZXJlbXkvRHJvcGJveC9TY2hvb2wgU3R1ZmYvQ3VycmVudCBDbGFzc2VzL0luZGVwZW5kZW5jZSBQYXBlci9MaXQgUmV2aWV3L0ZlbGQtIEVjb25vbWljIEdyb3d0aCBhbmQgSnVkaWNpYWwgSW5kZXBlbmRlbmNlIENyb3NzLUNvdW50cnkgRXZpZGVuY2UgVXNpbmcgYSBOZXcgU2V0IG9mIEluZGljYXRvcnMucGRmABMAAS8AABUAAgAN//8AAIAG0hscHR5aJGNsYXNzbmFtZVgkY2xhc3Nlc11OU011dGFibGVEYXRhox0fIFZOU0RhdGFYTlNPYmplY3TSGxwiI1xOU0RpY3Rpb25hcnmiIiBfEA9OU0tleWVkQXJjaGl2ZXLRJidUcm9vdIABAAgAEQAaACMALQAyADcAQABGAE0AVQBgAGcAagBsAG4AcQBzAHUAdwCEAI4BPQFCAUoEcgR0BHkEhASNBJsEnwSmBK8EtATBBMQE1gTZBN4AAAAAAAACAQAAAAAAAAAoAAAAAAAAAAAAAAAAAAAE4A==}}

@article{Howard2004,
	Author = {Robert M. Howard and Henry F. Carey},
	Date-Added = {2014-11-22 18:10:40 +0000},
	Date-Modified = {2014-11-22 18:11:52 +0000},
	Journal = {Judicature},
	Number = {6},
	Pages = {284-292},
	Title = {Is an Independent Judiciary Necessary for Democracy?},
	Volume = {87},
	Year = {2004},
	Bdsk-File-1 = {YnBsaXN0MDDUAQIDBAUGJCVYJHZlcnNpb25YJG9iamVjdHNZJGFyY2hpdmVyVCR0b3ASAAGGoKgHCBMUFRYaIVUkbnVsbNMJCgsMDxJXTlMua2V5c1pOUy5vYmplY3RzViRjbGFzc6INDoACgAOiEBGABIAFgAdccmVsYXRpdmVQYXRoWWFsaWFzRGF0YV8Qgy4uLy4uLy4uL1NjaG9vbCBTdHVmZi9DdXJyZW50IENsYXNzZXMvSW5kZXBlbmRlbmNlIFBhcGVyL0xpdCBSZXZpZXcvSG93YXJkIElzIGFuIEluZGVwZW5kZW50IEp1ZGljaWFyeSBOZWNlc3NhcnkgZm9yIERlbW9jcmFjeT8ucGRm0hcLGBlXTlMuZGF0YU8RAqoAAAAAAqoAAgAADE1hY2ludG9zaCBIRAAAAAAAAAAAAAAAAAAAAM1kxIpIKwAAAWy5Uh9Ib3dhcmQgSXMgYW4gSW5kZXBlIzFCMDJGNkIucGRmAAAAAAAAAAAAAAAAAAAAAAAAAAAAAAAAAAAAAAAAAAABsC9r0LnvY1BERiBDQVJPAAMABQAACSAAAAAAAAAAAAAAAAAAAAAKTGl0IFJldmlldwAQAAgAAM1lCtoAAAARAAgAANC6Q8MAAAABABwBbLlSAUVf3wAJ7NwACezZAAmzXgAJpjwAAhDpAAIAg01hY2ludG9zaCBIRDpVc2VyczoASmVyZW15OgBEcm9wYm94OgBTY2hvb2wgU3R1ZmY6AEN1cnJlbnQgQ2xhc3NlczoASW5kZXBlbmRlbmNlIFBhcGVyOgBMaXQgUmV2aWV3OgBIb3dhcmQgSXMgYW4gSW5kZXBlIzFCMDJGNkIucGRmAAAOAIAAPwBIAG8AdwBhAHIAZAAgAEkAcwAgAGEAbgAgAEkAbgBkAGUAcABlAG4AZABlAG4AdAAgAEoAdQBkAGkAYwBpAGEAcgB5ACAATgBlAGMAZQBzAHMAYQByAHkAIABmAG8AcgAgAEQAZQBtAG8AYwByAGEAYwB5AD8ALgBwAGQAZgAPABoADABNAGEAYwBpAG4AdABvAHMAaAAgAEgARAASAI9Vc2Vycy9KZXJlbXkvRHJvcGJveC9TY2hvb2wgU3R1ZmYvQ3VycmVudCBDbGFzc2VzL0luZGVwZW5kZW5jZSBQYXBlci9MaXQgUmV2aWV3L0hvd2FyZCBJcyBhbiBJbmRlcGVuZGVudCBKdWRpY2lhcnkgTmVjZXNzYXJ5IGZvciBEZW1vY3JhY3k/LnBkZgAAEwABLwAAFQACAA3//wAAgAbSGxwdHlokY2xhc3NuYW1lWCRjbGFzc2VzXU5TTXV0YWJsZURhdGGjHR8gVk5TRGF0YVhOU09iamVjdNIbHCIjXE5TRGljdGlvbmFyeaIiIF8QD05TS2V5ZWRBcmNoaXZlctEmJ1Ryb290gAEACAARABoAIwAtADIANwBAAEYATQBVAGAAZwBqAGwAbgBxAHMAdQB3AIQAjgEUARkBIQPPA9ED1gPhA+oD+AP8BAMEDAQRBB4EIQQzBDYEOwAAAAAAAAIBAAAAAAAAACgAAAAAAAAAAAAAAAAAAAQ9}}

@article{Treier2008,
	Author = {Shawn Treier and Simon Jackman},
	Date-Added = {2014-11-22 15:50:37 +0000},
	Date-Modified = {2014-11-22 15:51:33 +0000},
	Journal = {American Journal of Political Science},
	Month = {Jan},
	Number = {1},
	Pages = {201-217},
	Title = {Democracy as a Latent Variable},
	Volume = {52},
	Year = {2008},
	Bdsk-File-1 = {YnBsaXN0MDDUAQIDBAUGJCVYJHZlcnNpb25YJG9iamVjdHNZJGFyY2hpdmVyVCR0b3ASAAGGoKgHCBMUFRYaIVUkbnVsbNMJCgsMDxJXTlMua2V5c1pOUy5vYmplY3RzViRjbGFzc6INDoACgAOiEBGABIAFgAdccmVsYXRpdmVQYXRoWWFsaWFzRGF0YV8QdC4uLy4uLy4uL1NjaG9vbCBTdHVmZi9DdXJyZW50IENsYXNzZXMvSW5kZXBlbmRlbmNlIFBhcGVyL01lYXN1cmVtZW50IFBhcGVycy9UcmllciBEZW1vY3JhY3kgYXMgYSBMYXRlbnQgVmFyaWFibGUucGRm0hcLGBlXTlMuZGF0YU8RAnwAAAAAAnwAAgAADE1hY2ludG9zaCBIRAAAAAAAAAAAAAAAAAAAAM1kxIpIKwAAAZ5yRh9UcmllciBEZW1vY3JhY3kgYXMgIzE5RDJFRkMucGRmAAAAAAAAAAAAAAAAAAAAAAAAAAAAAAAAAAAAAAAAAAABnS780JYKXwAAAAAAAAAAAAMABQAACSAAAAAAAAAAAAAAAAAAAAASTWVhc3VyZW1lbnQgUGFwZXJzABAACAAAzWUK2gAAABEACAAA0JZevwAAAAEAHAGeckYBRV/fAAns3AAJ7NkACbNeAAmmPAACEOkAAgCLTWFjaW50b3NoIEhEOlVzZXJzOgBKZXJlbXk6AERyb3Bib3g6AFNjaG9vbCBTdHVmZjoAQ3VycmVudCBDbGFzc2VzOgBJbmRlcGVuZGVuY2UgUGFwZXI6AE1lYXN1cmVtZW50IFBhcGVyczoAVHJpZXIgRGVtb2NyYWN5IGFzICMxOUQyRUZDLnBkZgAADgBSACgAVAByAGkAZQByACAARABlAG0AbwBjAHIAYQBjAHkAIABhAHMAIABhACAATABhAHQAZQBuAHQAIABWAGEAcgBpAGEAYgBsAGUALgBwAGQAZgAPABoADABNAGEAYwBpAG4AdABvAHMAaAAgAEgARAASAIBVc2Vycy9KZXJlbXkvRHJvcGJveC9TY2hvb2wgU3R1ZmYvQ3VycmVudCBDbGFzc2VzL0luZGVwZW5kZW5jZSBQYXBlci9NZWFzdXJlbWVudCBQYXBlcnMvVHJpZXIgRGVtb2NyYWN5IGFzIGEgTGF0ZW50IFZhcmlhYmxlLnBkZgATAAEvAAAVAAIADf//AACABtIbHB0eWiRjbGFzc25hbWVYJGNsYXNzZXNdTlNNdXRhYmxlRGF0YaMdHyBWTlNEYXRhWE5TT2JqZWN00hscIiNcTlNEaWN0aW9uYXJ5oiIgXxAPTlNLZXllZEFyY2hpdmVy0SYnVHJvb3SAAQAIABEAGgAjAC0AMgA3AEAARgBNAFUAYABnAGoAbABuAHEAcwB1AHcAhACOAQUBCgESA5IDlAOZA6QDrQO7A78DxgPPA9QD4QPkA/YD+QP+AAAAAAAAAgEAAAAAAAAAKAAAAAAAAAAAAAAAAAAABAA=}}

@article{Linzer2014,
	Author = {Drew A. Linzer and Jeffrey K Staton},
	Date-Added = {2014-10-05 00:02:01 +0000},
	Date-Modified = {2014-10-05 00:02:01 +0000},
	Title = {A Measurement Model for Synthesizing Multiple Comparative Indicators: The Case of Judicial Independence},
	Year = {2014},
	Bdsk-File-1 = {YnBsaXN0MDDUAQIDBAUGJCVYJHZlcnNpb25YJG9iamVjdHNZJGFyY2hpdmVyVCR0b3ASAAGGoKgHCBMUFRYaIVUkbnVsbNMJCgsMDxJXTlMua2V5c1pOUy5vYmplY3RzViRjbGFzc6INDoACgAOiEBGABIAFgAdccmVsYXRpdmVQYXRoWWFsaWFzRGF0YV8QWS4uLy4uLy4uL1NjaG9vbCBTdHVmZi9DdXJyZW50IENsYXNzZXMvSW5kZXBlbmRlbmNlIFBhcGVyL0xpdCBSZXZpZXcvTFMtc2NhbGluZy0xNDA0MzAucGRm0hcLGBlXTlMuZGF0YU8RAiIAAAAAAiIAAgAADE1hY2ludG9zaCBIRAAAAAAAAAAAAAAAAAAAAM1kxIpIKwAAAWy5UhVMUy1zY2FsaW5nLTE0MDQzMC5wZGYAAAAAAAAAAAAAAAAAAAAAAAAAAAAAAAAAAAAAAAAAAAAAAAAAAAAAAAABVJ1t0D7x+AAAAAAAAAAAAAMABQAACSAAAAAAAAAAAAAAAAAAAAAKTGl0IFJldmlldwAQAAgAAM1lCtoAAAARAAgAANA/OEgAAAABABwBbLlSAUVf3wAJ7NwACezZAAmzXgAJpjwAAhDpAAIAeU1hY2ludG9zaCBIRDpVc2VyczoASmVyZW15OgBEcm9wYm94OgBTY2hvb2wgU3R1ZmY6AEN1cnJlbnQgQ2xhc3NlczoASW5kZXBlbmRlbmNlIFBhcGVyOgBMaXQgUmV2aWV3OgBMUy1zY2FsaW5nLTE0MDQzMC5wZGYAAA4ALAAVAEwAUwAtAHMAYwBhAGwAaQBuAGcALQAxADQAMAA0ADMAMAAuAHAAZABmAA8AGgAMAE0AYQBjAGkAbgB0AG8AcwBoACAASABEABIAZVVzZXJzL0plcmVteS9Ecm9wYm94L1NjaG9vbCBTdHVmZi9DdXJyZW50IENsYXNzZXMvSW5kZXBlbmRlbmNlIFBhcGVyL0xpdCBSZXZpZXcvTFMtc2NhbGluZy0xNDA0MzAucGRmAAATAAEvAAAVAAIADf//AACABtIbHB0eWiRjbGFzc25hbWVYJGNsYXNzZXNdTlNNdXRhYmxlRGF0YaMdHyBWTlNEYXRhWE5TT2JqZWN00hscIiNcTlNEaWN0aW9uYXJ5oiIgXxAPTlNLZXllZEFyY2hpdmVy0SYnVHJvb3SAAQAIABEAGgAjAC0AMgA3AEAARgBNAFUAYABnAGoAbABuAHEAcwB1AHcAhACOAOoA7wD3Ax0DHwMkAy8DOANGA0oDUQNaA18DbANvA4EDhAOJAAAAAAAAAgEAAAAAAAAAKAAAAAAAAAAAAAAAAAAAA4s=}}

@article{Rios2014,
	Author = {Julio Rios-Figueroa and Jeffrey K Staton},
	Date-Added = {2014-09-28 17:43:53 +0000},
	Date-Modified = {2014-11-22 15:29:43 +0000},
	Journal = {Journal of Law, Economics, and Organization},
	Title = {An Evaluation of Cross-National Measures of Judicial Independence},
	Year = {2014},
	Bdsk-File-1 = {YnBsaXN0MDDUAQIDBAUGJCVYJHZlcnNpb25YJG9iamVjdHNZJGFyY2hpdmVyVCR0b3ASAAGGoKgHCBMUFRYaIVUkbnVsbNMJCgsMDxJXTlMua2V5c1pOUy5vYmplY3RzViRjbGFzc6INDoACgAOiEBGABIAFgAdccmVsYXRpdmVQYXRoWWFsaWFzRGF0YV8QmC4uLy4uLy4uL1NjaG9vbCBTdHVmZi9DdXJyZW50IENsYXNzZXMvSW5kZXBlbmRlbmNlIFBhcGVyL0xpdCBSZXZpZXcvUmlvcy1GaWd1ZXJvYS0gQW4gRXZhbHVhdGlvbiBvZiBDcm9zcy1OYXRpb25hbCBNZWFzdXJlcyBvZiBKdWRpY2lhbCBJbmRlcGVuZGVuY2UucGRm0hcLGBlXTlMuZGF0YU8RAugAAAAAAugAAgAADE1hY2ludG9zaCBIRAAAAAAAAAAAAAAAAAAAAM1kxIpIKwAAAWy5Uh9SaW9zLUZpZ3Vlcm9hLSBBbiBFIzE2Q0I4QzIucGRmAAAAAAAAAAAAAAAAAAAAAAAAAAAAAAAAAAAAAAAAAAABbLjCzxEbiwAAAAAAAAAAAAMABQAACSAAAAAAAAAAAAAAAAAAAAAKTGl0IFJldmlldwAQAAgAAM1lCtoAAAARAAgAAM8Rb+sAAAABABwBbLlSAUVf3wAJ7NwACezZAAmzXgAJpjwAAhDpAAIAg01hY2ludG9zaCBIRDpVc2VyczoASmVyZW15OgBEcm9wYm94OgBTY2hvb2wgU3R1ZmY6AEN1cnJlbnQgQ2xhc3NlczoASW5kZXBlbmRlbmNlIFBhcGVyOgBMaXQgUmV2aWV3OgBSaW9zLUZpZ3Vlcm9hLSBBbiBFIzE2Q0I4QzIucGRmAAAOAKoAVABSAGkAbwBzAC0ARgBpAGcAdQBlAHIAbwBhAC0AIABBAG4AIABFAHYAYQBsAHUAYQB0AGkAbwBuACAAbwBmACAAQwByAG8AcwBzAC0ATgBhAHQAaQBvAG4AYQBsACAATQBlAGEAcwB1AHIAZQBzACAAbwBmACAASgB1AGQAaQBjAGkAYQBsACAASQBuAGQAZQBwAGUAbgBkAGUAbgBjAGUALgBwAGQAZgAPABoADABNAGEAYwBpAG4AdABvAHMAaAAgAEgARAASAKRVc2Vycy9KZXJlbXkvRHJvcGJveC9TY2hvb2wgU3R1ZmYvQ3VycmVudCBDbGFzc2VzL0luZGVwZW5kZW5jZSBQYXBlci9MaXQgUmV2aWV3L1Jpb3MtRmlndWVyb2EtIEFuIEV2YWx1YXRpb24gb2YgQ3Jvc3MtTmF0aW9uYWwgTWVhc3VyZXMgb2YgSnVkaWNpYWwgSW5kZXBlbmRlbmNlLnBkZgATAAEvAAAVAAIADf//AACABtIbHB0eWiRjbGFzc25hbWVYJGNsYXNzZXNdTlNNdXRhYmxlRGF0YaMdHyBWTlNEYXRhWE5TT2JqZWN00hscIiNcTlNEaWN0aW9uYXJ5oiIgXxAPTlNLZXllZEFyY2hpdmVy0SYnVHJvb3SAAQAIABEAGgAjAC0AMgA3AEAARgBNAFUAYABnAGoAbABuAHEAcwB1AHcAhACOASkBLgE2BCIEJAQpBDQEPQRLBE8EVgRfBGQEcQR0BIYEiQSOAAAAAAAAAgEAAAAAAAAAKAAAAAAAAAAAAAAAAAAABJA=}}

@article{Burbank2008,
	Author = {Stephen B. Burbank},
	Date-Added = {2014-09-28 17:33:04 +0000},
	Date-Modified = {2014-09-28 17:34:29 +0000},
	Journal = {Dadalus},
	Number = {4},
	Pages = {16-27},
	Title = {Judicial Independence, Judicial Accountability and Interbranch Relations},
	Volume = {137},
	Year = {2008},
	Bdsk-File-1 = {YnBsaXN0MDDUAQIDBAUGJCVYJHZlcnNpb25YJG9iamVjdHNZJGFyY2hpdmVyVCR0b3ASAAGGoKgHCBMUFRYaIVUkbnVsbNMJCgsMDxJXTlMua2V5c1pOUy5vYmplY3RzViRjbGFzc6INDoACgAOiEBGABIAFgAdccmVsYXRpdmVQYXRoWWFsaWFzRGF0YV8Qly4uLy4uLy4uL1NjaG9vbCBTdHVmZi9PbGQgU2Nob29sIFN0dWZmL05TRiBHU0YvTmV3IE5TRi9MaXQgUmV2aWV3L0J1cmJhbmstIEp1ZGljaWFsIGluZGVwZW5kZW5jZSwganVkaWNpYWwgIGFjY291bnRhYmlsaXR5ICYgaW50ZXJicmFuY2ggIHJlbGF0aW9ucy5wZGbSFwsYGVdOUy5kYXRhTxEC7AAAAAAC7AACAAAMTWFjaW50b3NoIEhEAAAAAAAAAAAAAAAAAAAAzWTEikgrAAABA5SIH0J1cmJhbmstIEp1ZGljaWFsIGkjMTZBOTU1Qi5wZGYAAAAAAAAAAAAAAAAAAAAAAAAAAAAAAAAAAAAAAAAAAAFqlVvOhUuZAAAAAAAAAAAAAwAGAAAJIAAAAAAAAAAAAAAAAAAAAApMaXQgUmV2aWV3ABAACAAAzWUK2gAAABEACAAAzoWR6QAAAAEAIAEDlIgBA37qABW5UAAJ+u8ACezZAAmzXgAJpjwAAhDpAAIAgk1hY2ludG9zaCBIRDpVc2VyczoASmVyZW15OgBEcm9wYm94OgBTY2hvb2wgU3R1ZmY6AE9sZCBTY2hvb2wgU3R1ZmY6AE5TRiBHU0Y6AE5ldyBOU0Y6AExpdCBSZXZpZXc6AEJ1cmJhbmstIEp1ZGljaWFsIGkjMTZBOTU1Qi5wZGYADgCsAFUAQgB1AHIAYgBhAG4AawAtACAASgB1AGQAaQBjAGkAYQBsACAAaQBuAGQAZQBwAGUAbgBkAGUAbgBjAGUALAAgAGoAdQBkAGkAYwBpAGEAbAAgACAAYQBjAGMAbwB1AG4AdABhAGIAaQBsAGkAdAB5ACAAJgAgAGkAbgB0AGUAcgBiAHIAYQBuAGMAaAAgACAAcgBlAGwAYQB0AGkAbwBuAHMALgBwAGQAZgAPABoADABNAGEAYwBpAG4AdABvAHMAaAAgAEgARAASAKNVc2Vycy9KZXJlbXkvRHJvcGJveC9TY2hvb2wgU3R1ZmYvT2xkIFNjaG9vbCBTdHVmZi9OU0YgR1NGL05ldyBOU0YvTGl0IFJldmlldy9CdXJiYW5rLSBKdWRpY2lhbCBpbmRlcGVuZGVuY2UsIGp1ZGljaWFsICBhY2NvdW50YWJpbGl0eSAmIGludGVyYnJhbmNoICByZWxhdGlvbnMucGRmAAATAAEvAAAVAAIADf//AACABtIbHB0eWiRjbGFzc25hbWVYJGNsYXNzZXNdTlNNdXRhYmxlRGF0YaMdHyBWTlNEYXRhWE5TT2JqZWN00hscIiNcTlNEaWN0aW9uYXJ5oiIgXxAPTlNLZXllZEFyY2hpdmVy0SYnVHJvb3SAAQAIABEAGgAjAC0AMgA3AEAARgBNAFUAYABnAGoAbABuAHEAcwB1AHcAhACOASgBLQE1BCUEJwQsBDcEQAROBFIEWQRiBGcEdAR3BIkEjASRAAAAAAAAAgEAAAAAAAAAKAAAAAAAAAAAAAAAAAAABJM=}}

@misc{Shepherd2013,
	Author = {Shepherd, Joanna},
	Date-Added = {2014-09-28 17:25:49 +0000},
	Date-Modified = {2014-09-30 15:55:30 +0000},
	Month = {June},
	Organization = {American Constitution Society for Law and Policy},
	Title = {Justice At Risk- An Empirical Analysis of Campaign Contributions and Judicial Decisions},
	Year = {2013},
	Bdsk-File-1 = {YnBsaXN0MDDUAQIDBAUGJCVYJHZlcnNpb25YJG9iamVjdHNZJGFyY2hpdmVyVCR0b3ASAAGGoKgHCBMUFRYaIVUkbnVsbNMJCgsMDxJXTlMua2V5c1pOUy5vYmplY3RzViRjbGFzc6INDoACgAOiEBGABIAFgAdccmVsYXRpdmVQYXRoWWFsaWFzRGF0YV8QaS4uLy4uLy4uL1NjaG9vbCBTdHVmZi9PbGQgU2Nob29sIFN0dWZmL05TRiBHU0YvTmV3IE5TRi9MaXQgUmV2aWV3L0FDUyBKdXN0aWNlIGF0IFJpc2sgKEZJTkFMKSA2XzEwXzEzLnBkZtIXCxgZV05TLmRhdGFPEQJiAAAAAAJiAAIAAAxNYWNpbnRvc2ggSEQAAAAAAAAAAAAAAAAAAADNZMSKSCsAAAEDlIgfQUNTIEp1c3RpY2UgYXQgUmlzayMxNkE2MjlELnBkZgAAAAAAAAAAAAAAAAAAAAAAAAAAAAAAAAAAAAAAAAAAAWpindBNoKgAAAAAAAAAAAADAAYAAAkgAAAAAAAAAAAAAAAAAAAACkxpdCBSZXZpZXcAEAAIAADNZQraAAAAEQAIAADQTeb4AAAAAQAgAQOUiAEDfuoAFblQAAn67wAJ7NkACbNeAAmmPAACEOkAAgCCTWFjaW50b3NoIEhEOlVzZXJzOgBKZXJlbXk6AERyb3Bib3g6AFNjaG9vbCBTdHVmZjoAT2xkIFNjaG9vbCBTdHVmZjoATlNGIEdTRjoATmV3IE5TRjoATGl0IFJldmlldzoAQUNTIEp1c3RpY2UgYXQgUmlzayMxNkE2MjlELnBkZgAOAFAAJwBBAEMAUwAgAEoAdQBzAHQAaQBjAGUAIABhAHQAIABSAGkAcwBrACAAKABGAEkATgBBAEwAKQAgADYAXwAxADAAXwAxADMALgBwAGQAZgAPABoADABNAGEAYwBpAG4AdABvAHMAaAAgAEgARAASAHVVc2Vycy9KZXJlbXkvRHJvcGJveC9TY2hvb2wgU3R1ZmYvT2xkIFNjaG9vbCBTdHVmZi9OU0YgR1NGL05ldyBOU0YvTGl0IFJldmlldy9BQ1MgSnVzdGljZSBhdCBSaXNrIChGSU5BTCkgNl8xMF8xMy5wZGYAABMAAS8AABUAAgAN//8AAIAG0hscHR5aJGNsYXNzbmFtZVgkY2xhc3Nlc11OU011dGFibGVEYXRhox0fIFZOU0RhdGFYTlNPYmplY3TSGxwiI1xOU0RpY3Rpb25hcnmiIiBfEA9OU0tleWVkQXJjaGl2ZXLRJidUcm9vdIABAAgAEQAaACMALQAyADcAQABGAE0AVQBgAGcAagBsAG4AcQBzAHUAdwCEAI4A+gD/AQcDbQNvA3QDfwOIA5YDmgOhA6oDrwO8A78D0QPUA9kAAAAAAAACAQAAAAAAAAAoAAAAAAAAAAAAAAAAAAAD2w==}}

@misc{ABA2003,
	Author = {American Bar Association, Commission on the 21st Century Judiciary},
	Date-Added = {2014-09-28 16:30:41 +0000},
	Date-Modified = {2014-09-30 16:07:35 +0000},
	Institution = {American Bar Association},
	Title = {Justice in Jeopardy},
	Year = {2003},
	Bdsk-File-1 = {YnBsaXN0MDDUAQIDBAUGJCVYJHZlcnNpb25YJG9iamVjdHNZJGFyY2hpdmVyVCR0b3ASAAGGoKgHCBMUFRYaIVUkbnVsbNMJCgsMDxJXTlMua2V5c1pOUy5vYmplY3RzViRjbGFzc6INDoACgAOiEBGABIAFgAdccmVsYXRpdmVQYXRoWWFsaWFzRGF0YV8Qdi4uLy4uLy4uL1NjaG9vbCBTdHVmZi9PbGQgU2Nob29sIFN0dWZmL1Blbm4gU3RhdGUvNTQxLVN0YXRlIFBvbGl0aWNzLzU0MSBQYXBlci9MaXQgUmV2aWV3IEtlZXAvSnVzdGljZSBpbiBKZW9wYXJkeS5wZGbSFwsYGVdOUy5kYXRhTxECbgAAAAACbgACAAAMTWFjaW50b3NoIEhEAAAAAAAAAAAAAAAAAAAAzWTEikgrAAAAgpm/F0p1c3RpY2UgaW4gSmVvcGFyZHkucGRmAAAAAAAAAAAAAAAAAAAAAAAAAAAAAAAAAAAAAAAAAAAAAAAAAAAAAAAwUJnOhXogAAAAAAAAAAAAAwAHAAAJIAAAAAAAAAAAAAAAAAAAAA9MaXQgUmV2aWV3IEtlZXAAABAACAAAzWUK2gAAABEACAAAzoXAcAAAAAEAJACCmb8AdCZjAGschQBhTZsACfrvAAns2QAJs14ACaY8AAIQ6QACAJhNYWNpbnRvc2ggSEQ6VXNlcnM6AEplcmVteToARHJvcGJveDoAU2Nob29sIFN0dWZmOgBPbGQgU2Nob29sIFN0dWZmOgBQZW5uIFN0YXRlOgA1NDEtU3RhdGUgUG9saXRpY3M6ADU0MSBQYXBlcjoATGl0IFJldmlldyBLZWVwOgBKdXN0aWNlIGluIEplb3BhcmR5LnBkZgAOADAAFwBKAHUAcwB0AGkAYwBlACAAaQBuACAASgBlAG8AcABhAHIAZAB5AC4AcABkAGYADwAaAAwATQBhAGMAaQBuAHQAbwBzAGgAIABIAEQAEgCCVXNlcnMvSmVyZW15L0Ryb3Bib3gvU2Nob29sIFN0dWZmL09sZCBTY2hvb2wgU3R1ZmYvUGVubiBTdGF0ZS81NDEtU3RhdGUgUG9saXRpY3MvNTQxIFBhcGVyL0xpdCBSZXZpZXcgS2VlcC9KdXN0aWNlIGluIEplb3BhcmR5LnBkZgATAAEvAAAVAAIADf//AACABtIbHB0eWiRjbGFzc25hbWVYJGNsYXNzZXNdTlNNdXRhYmxlRGF0YaMdHyBWTlNEYXRhWE5TT2JqZWN00hscIiNcTlNEaWN0aW9uYXJ5oiIgXxAPTlNLZXllZEFyY2hpdmVy0SYnVHJvb3SAAQAIABEAGgAjAC0AMgA3AEAARgBNAFUAYABnAGoAbABuAHEAcwB1AHcAhACOAQcBDAEUA4YDiAONA5gDoQOvA7MDugPDA8gD1QPYA+oD7QPyAAAAAAAAAgEAAAAAAAAAKAAAAAAAAAAAAAAAAAAAA/Q=}}

@article{Hall1987,
	Author = {Hall, Melinda Gann},
	Date-Added = {2014-07-15 19:33:50 +0000},
	Date-Modified = {2014-07-15 19:34:42 +0000},
	Journal = {Judicature},
	Number = {1},
	Pages = {40-46},
	Title = {An Examination of Voting Behavior in the Louisiana Supreme Court},
	Volume = {71},
	Year = {1987},
	Bdsk-File-1 = {YnBsaXN0MDDUAQIDBAUGJCVYJHZlcnNpb25YJG9iamVjdHNZJGFyY2hpdmVyVCR0b3ASAAGGoKgHCBMUFRYaIVUkbnVsbNMJCgsMDxJXTlMua2V5c1pOUy5vYmplY3RzViRjbGFzc6INDoACgAOiEBGABIAFgAdccmVsYXRpdmVQYXRoWWFsaWFzRGF0YV8QkS4uLy4uLy4uL1NjaG9vbCBTdHVmZi9PbGQgU2Nob29sIFN0dWZmL05TRiBHU0YvTmV3IE5TRi9MaXQgUmV2aWV3L0hhbGwtIEFuIGV4YW1pbmF0aW9uIG9mIHZvdGluZyBiZWhhdmlvciBpbiB0aGUgbG91aXNpYW5hIHN1cHJlbWUgY291cnQgY29weS5wZGbSFwsYGVdOUy5kYXRhTxEC2gAAAAAC2gACAAAMTWFjaW50b3NoIEhEAAAAAAAAAAAAAAAAAAAAzWTEikgrAAABA5SIH0hhbGwtIEFuIGV4YW1pbmF0aW8jMTE1MDVFMy5wZGYAAAAAAAAAAAAAAAAAAAAAAAAAAAAAAAAAAAAAAAAAAAEVBePP6uw5AAAAAAAAAAAAAwAGAAAJIAAAAAAAAAAAAAAAAAAAAApMaXQgUmV2aWV3ABAACAAAzWUK2gAAABEACAAAz+syiQAAAAEAIAEDlIgBA37qABW5UAAJ+u8ACezZAAmzXgAJpjwAAhDpAAIAgk1hY2ludG9zaCBIRDpVc2VyczoASmVyZW15OgBEcm9wYm94OgBTY2hvb2wgU3R1ZmY6AE9sZCBTY2hvb2wgU3R1ZmY6AE5TRiBHU0Y6AE5ldyBOU0Y6AExpdCBSZXZpZXc6AEhhbGwtIEFuIGV4YW1pbmF0aW8jMTE1MDVFMy5wZGYADgCgAE8ASABhAGwAbAAtACAAQQBuACAAZQB4AGEAbQBpAG4AYQB0AGkAbwBuACAAbwBmACAAdgBvAHQAaQBuAGcAIABiAGUAaABhAHYAaQBvAHIAIABpAG4AIAB0AGgAZQAgAGwAbwB1AGkAcwBpAGEAbgBhACAAcwB1AHAAcgBlAG0AZQAgAGMAbwB1AHIAdAAgAGMAbwBwAHkALgBwAGQAZgAPABoADABNAGEAYwBpAG4AdABvAHMAaAAgAEgARAASAJ1Vc2Vycy9KZXJlbXkvRHJvcGJveC9TY2hvb2wgU3R1ZmYvT2xkIFNjaG9vbCBTdHVmZi9OU0YgR1NGL05ldyBOU0YvTGl0IFJldmlldy9IYWxsLSBBbiBleGFtaW5hdGlvbiBvZiB2b3RpbmcgYmVoYXZpb3IgaW4gdGhlIGxvdWlzaWFuYSBzdXByZW1lIGNvdXJ0IGNvcHkucGRmAAATAAEvAAAVAAIADf//AACABtIbHB0eWiRjbGFzc25hbWVYJGNsYXNzZXNdTlNNdXRhYmxlRGF0YaMdHyBWTlNEYXRhWE5TT2JqZWN00hscIiNcTlNEaWN0aW9uYXJ5oiIgXxAPTlNLZXllZEFyY2hpdmVy0SYnVHJvb3SAAQAIABEAGgAjAC0AMgA3AEAARgBNAFUAYABnAGoAbABuAHEAcwB1AHcAhACOASIBJwEvBA0EDwQUBB8EKAQ2BDoEQQRKBE8EXARfBHEEdAR5AAAAAAAAAgEAAAAAAAAAKAAAAAAAAAAAAAAAAAAABHs=}}

@article{Tiede2006,
	Author = {Tiede, Lydia Brashear},
	Date-Added = {2014-07-15 13:27:36 +0000},
	Date-Modified = {2014-07-15 13:30:00 +0000},
	Journal = {Journal of Contemporary Legal Studies},
	Pages = {129-161},
	Title = {Judicial Independence: Often Cited, Rarely Understood},
	Volume = {15},
	Year = {2006},
	Bdsk-File-1 = {YnBsaXN0MDDUAQIDBAUGJCVYJHZlcnNpb25YJG9iamVjdHNZJGFyY2hpdmVyVCR0b3ASAAGGoKgHCBMUFRYaIVUkbnVsbNMJCgsMDxJXTlMua2V5c1pOUy5vYmplY3RzViRjbGFzc6INDoACgAOiEBGABIAFgAdccmVsYXRpdmVQYXRoWWFsaWFzRGF0YV8QgC4uLy4uLy4uL1NjaG9vbCBTdHVmZi9PbGQgU2Nob29sIFN0dWZmL05TRiBHU0YvTmV3IE5TRi9MaXQgUmV2aWV3L1RpZWRlLSBKdWRpY2lhbCBJbmRlcGVuZGVuY2UgT2Z0ZW4gQ2l0ZWQgUmFyZWx5IFVuZGVyc3Rvb2QucGRm0hcLGBlXTlMuZGF0YU8RAqYAAAAAAqYAAgAADE1hY2ludG9zaCBIRAAAAAAAAAAAAAAAAAAAAM1kxIpIKwAAAQOUiB9UaWVkZS0gSnVkaWNpYWwgSW5kIzEwMzk0QjAucGRmAAAAAAAAAAAAAAAAAAAAAAAAAAAAAAAAAAAAAAAAAAABA5SwzoVx6gAAAAAAAAAAAAMABgAACSAAAAAAAAAAAAAAAAAAAAAKTGl0IFJldmlldwAQAAgAAM1lCtoAAAARAAgAAM6FuDoAAAABACABA5SIAQN+6gAVuVAACfrvAAns2QAJs14ACaY8AAIQ6QACAIJNYWNpbnRvc2ggSEQ6VXNlcnM6AEplcmVteToARHJvcGJveDoAU2Nob29sIFN0dWZmOgBPbGQgU2Nob29sIFN0dWZmOgBOU0YgR1NGOgBOZXcgTlNGOgBMaXQgUmV2aWV3OgBUaWVkZS0gSnVkaWNpYWwgSW5kIzEwMzk0QjAucGRmAA4AfgA+AFQAaQBlAGQAZQAtACAASgB1AGQAaQBjAGkAYQBsACAASQBuAGQAZQBwAGUAbgBkAGUAbgBjAGUAIABPAGYAdABlAG4AIABDAGkAdABlAGQAIABSAGEAcgBlAGwAeQAgAFUAbgBkAGUAcgBzAHQAbwBvAGQALgBwAGQAZgAPABoADABNAGEAYwBpAG4AdABvAHMAaAAgAEgARAASAIxVc2Vycy9KZXJlbXkvRHJvcGJveC9TY2hvb2wgU3R1ZmYvT2xkIFNjaG9vbCBTdHVmZi9OU0YgR1NGL05ldyBOU0YvTGl0IFJldmlldy9UaWVkZS0gSnVkaWNpYWwgSW5kZXBlbmRlbmNlIE9mdGVuIENpdGVkIFJhcmVseSBVbmRlcnN0b29kLnBkZgATAAEvAAAVAAIADf//AACABtIbHB0eWiRjbGFzc25hbWVYJGNsYXNzZXNdTlNNdXRhYmxlRGF0YaMdHyBWTlNEYXRhWE5TT2JqZWN00hscIiNcTlNEaWN0aW9uYXJ5oiIgXxAPTlNLZXllZEFyY2hpdmVy0SYnVHJvb3SAAQAIABEAGgAjAC0AMgA3AEAARgBNAFUAYABnAGoAbABuAHEAcwB1AHcAhACOAREBFgEeA8gDygPPA9oD4wPxA/UD/AQFBAoEFwQaBCwELwQ0AAAAAAAAAgEAAAAAAAAAKAAAAAAAAAAAAAAAAAAABDY=}}

@article{Berkowitz2006,
	Author = {Berkowitz, Daniel and Clay, Karen},
	Date-Added = {2014-07-15 13:26:00 +0000},
	Date-Modified = {2014-07-15 13:29:53 +0000},
	Journal = {The Journal of Legal Studies},
	Month = {June},
	Number = {2},
	Pages = {399-440},
	Title = {The Effect of Judicial Independence on Courts: Evidence from the American States},
	Volume = {35},
	Year = {2006},
	Bdsk-File-1 = {YnBsaXN0MDDUAQIDBAUGJCVYJHZlcnNpb25YJG9iamVjdHNZJGFyY2hpdmVyVCR0b3ASAAGGoKgHCBMUFRYaIVUkbnVsbNMJCgsMDxJXTlMua2V5c1pOUy5vYmplY3RzViRjbGFzc6INDoACgAOiEBGABIAFgAdccmVsYXRpdmVQYXRoWWFsaWFzRGF0YV8QoS4uLy4uLy4uL1NjaG9vbCBTdHVmZi9PbGQgU2Nob29sIFN0dWZmL05TRiBHU0YvTmV3IE5TRi9MaXQgUmV2aWV3L0Jlcmtvd2l0ei0gVGhlIEVmZmVjdCBvZiBKdWRpY2lhbCBJbmRlcGVuZGVuY2Ugb24gQ291cnRzLSBFdmlkZW5jZSBmcm9tIHRoZSBBbWVyaWNhbiBTdGF0ZXMucGRm0hcLGBlXTlMuZGF0YU8RAwoAAAAAAwoAAgAADE1hY2ludG9zaCBIRAAAAAAAAAAAAAAAAAAAAM1kxIpIKwAAAQOUiB9CZXJrb3dpdHotIFRoZSBFZmZlIzEwMzk0QUYucGRmAAAAAAAAAAAAAAAAAAAAAAAAAAAAAAAAAAAAAAAAAAABA5SvzoVKJAAAAAAAAAAAAAMABgAACSAAAAAAAAAAAAAAAAAAAAAKTGl0IFJldmlldwAQAAgAAM1lCtoAAAARAAgAAM6FkHQAAAABACABA5SIAQN+6gAVuVAACfrvAAns2QAJs14ACaY8AAIQ6QACAIJNYWNpbnRvc2ggSEQ6VXNlcnM6AEplcmVteToARHJvcGJveDoAU2Nob29sIFN0dWZmOgBPbGQgU2Nob29sIFN0dWZmOgBOU0YgR1NGOgBOZXcgTlNGOgBMaXQgUmV2aWV3OgBCZXJrb3dpdHotIFRoZSBFZmZlIzEwMzk0QUYucGRmAA4AwABfAEIAZQByAGsAbwB3AGkAdAB6AC0AIABUAGgAZQAgAEUAZgBmAGUAYwB0ACAAbwBmACAASgB1AGQAaQBjAGkAYQBsACAASQBuAGQAZQBwAGUAbgBkAGUAbgBjAGUAIABvAG4AIABDAG8AdQByAHQAcwAtACAARQB2AGkAZABlAG4AYwBlACAAZgByAG8AbQAgAHQAaABlACAAQQBtAGUAcgBpAGMAYQBuACAAUwB0AGEAdABlAHMALgBwAGQAZgAPABoADABNAGEAYwBpAG4AdABvAHMAaAAgAEgARAASAK1Vc2Vycy9KZXJlbXkvRHJvcGJveC9TY2hvb2wgU3R1ZmYvT2xkIFNjaG9vbCBTdHVmZi9OU0YgR1NGL05ldyBOU0YvTGl0IFJldmlldy9CZXJrb3dpdHotIFRoZSBFZmZlY3Qgb2YgSnVkaWNpYWwgSW5kZXBlbmRlbmNlIG9uIENvdXJ0cy0gRXZpZGVuY2UgZnJvbSB0aGUgQW1lcmljYW4gU3RhdGVzLnBkZgAAEwABLwAAFQACAA3//wAAgAbSGxwdHlokY2xhc3NuYW1lWCRjbGFzc2VzXU5TTXV0YWJsZURhdGGjHR8gVk5TRGF0YVhOU09iamVjdNIbHCIjXE5TRGljdGlvbmFyeaIiIF8QD05TS2V5ZWRBcmNoaXZlctEmJ1Ryb290gAEACAARABoAIwAtADIANwBAAEYATQBVAGAAZwBqAGwAbgBxAHMAdQB3AIQAjgEyATcBPwRNBE8EVARfBGgEdgR6BIEEigSPBJwEnwSxBLQEuQAAAAAAAAIBAAAAAAAAACgAAAAAAAAAAAAAAAAAAAS7}}
