%% This BibTeX bibliography file was created using BibDesk.
%% http://bibdesk.sourceforge.net/

%% Created for Jeremy R. Johnson at 2015-03-04 13:47:26 -0500 


%% Saved with string encoding Unicode (UTF-8) 



@article{Hettinger2003,
	Author = {Hettinger, Virginia A and Lindquist, Stefanie A and Martinek, Wendy L},
	Date-Added = {2015-03-04 18:47:18 +0000},
	Date-Modified = {2015-03-04 18:47:25 +0000},
	Journal = {Social Science Quarterly},
	Number = {4},
	Pages = {792--810},
	Publisher = {Wiley Online Library},
	Title = {Acclimation Effects and Separate Opinion Writing in the US Courts of Appeals*},
	Volume = {84},
	Year = {2003}}

@article{Gryski2008,
	Author = {Gryski, Gerald S and Zuk, Gary},
	Date-Added = {2015-03-04 16:37:47 +0000},
	Date-Modified = {2015-03-04 16:37:54 +0000},
	Journal = {Retrieved online, June},
	Number = {08},
	Title = {A Multi-User Data Base on the Attributes of US Appeals Court Judges, 1801-2000},
	Volume = {20},
	Year = {2008}}

@article{Songer2007,
	Author = {Songer, Donald R and Kuersten, Ahslyn K and Haire, Susan B},
	Date-Added = {2015-03-04 16:35:09 +0000},
	Date-Modified = {2015-03-04 16:35:34 +0000},
	Journal = {Columbia, SC: Department of Political Science, University of South Carolina. Available at< http://www. cas. sc. edu/poli/juri/appctdata. htm},
	Title = {The United States Courts of Appeals Database},
	Year = {2007}}

@techreport{Journalist2011,
	Address = {Washington, D.C.},
	Date-Added = {2015-03-03 23:56:30 +0000},
	Date-Modified = {2015-03-03 23:57:56 +0000},
	Institution = {Administrative Office of the United States Courts},
	Title = {A Journalist's Guide to the Federal Courts},
	Year = {2011},
	Bdsk-File-1 = {YnBsaXN0MDDUAQIDBAUGJCVYJHZlcnNpb25YJG9iamVjdHNZJGFyY2hpdmVyVCR0b3ASAAGGoKgHCBMUFRYaIVUkbnVsbNMJCgsMDxJXTlMua2V5c1pOUy5vYmplY3RzViRjbGFzc6INDoACgAOiEBGABIAFgAdccmVsYXRpdmVQYXRoWWFsaWFzRGF0YV8QKy4uLy4uLy4uLy4uL0Rlc2t0b3AvSm91cm5hbGlzdEd1aWRlMjAxMS5wZGbSFwsYGVdOUy5kYXRhTxEBnAAAAAABnAACAAAMTWFjaW50b3NoIEhEAAAAAAAAAAAAAAAAAAAAz9PyhkgrAAAACTjaF0pvdXJuYWxpc3RHdWlkZTIwMTEucGRmAAAAAAAAAAAAAAAAAAAAAAAAAAAAAAAAAAAAAAAAAAAAAAAAAAAAAAAhZ2/RFeTyAAAAAAAAAAAABAACAAAJIAAAAAAAAAAAAAAAAAAAAAdEZXNrdG9wAAAQAAgAAM/UKsYAAAARAAgAANEWK0IAAAABAAwACTjaAAk4XQACZvkAAgA8TWFjaW50b3NoIEhEOlVzZXJzOgBKZXJlbXk6AERlc2t0b3A6AEpvdXJuYWxpc3RHdWlkZTIwMTEucGRmAA4AMAAXAEoAbwB1AHIAbgBhAGwAaQBzAHQARwB1AGkAZABlADIAMAAxADEALgBwAGQAZgAPABoADABNAGEAYwBpAG4AdABvAHMAaAAgAEgARAASACxVc2Vycy9KZXJlbXkvRGVza3RvcC9Kb3VybmFsaXN0R3VpZGUyMDExLnBkZgATAAEvAAAVAAIADf//AACABtIbHB0eWiRjbGFzc25hbWVYJGNsYXNzZXNdTlNNdXRhYmxlRGF0YaMdHyBWTlNEYXRhWE5TT2JqZWN00hscIiNcTlNEaWN0aW9uYXJ5oiIgXxAPTlNLZXllZEFyY2hpdmVy0SYnVHJvb3SAAQAIABEAGgAjAC0AMgA3AEAARgBNAFUAYABnAGoAbABuAHEAcwB1AHcAhACOALwAwQDJAmkCawJwAnsChAKSApYCnQKmAqsCuAK7As0C0ALVAAAAAAAAAgEAAAAAAAAAKAAAAAAAAAAAAAAAAAAAAtc=}}

@book{Hooper2011,
	Author = {Laural Hooper and Dean Miletich and Angelina Levy},
	Date-Added = {2015-03-03 23:39:41 +0000},
	Date-Modified = {2015-03-03 23:59:08 +0000},
	Publisher = {Federal Judicial Center Washington, DC},
	Title = {Case management procedures in the Federal Courts of Appeals},
	Year = {2011},
	Bdsk-File-1 = {YnBsaXN0MDDUAQIDBAUGJCVYJHZlcnNpb25YJG9iamVjdHNZJGFyY2hpdmVyVCR0b3ASAAGGoKgHCBMUFRYaIVUkbnVsbNMJCgsMDxJXTlMua2V5c1pOUy5vYmplY3RzViRjbGFzc6INDoACgAOiEBGABIAFgAdccmVsYXRpdmVQYXRoWWFsaWFzRGF0YV8QJUhvb3BlciBldCBhbCBBcHAuIENhc2UgTWFuYWdlbWVudC5wZGbSFwsYGVdOUy5kYXRhTxECQgAAAAACQgACAAAMTWFjaW50b3NoIEhEAAAAAAAAAAAAAAAAAAAAz9PyhkgrAAAAIrHTH0hvb3BlciBldCBhbCBBcHAuIENhIzIyQjIyQy5wZGYAAAAAAAAAAAAAAAAAAAAAAAAAAAAAAAAAAAAAAAAAAAAisizRG1W1AAAAAAAAAAAAAQACAAAJIAAAAAAAAAAAAAAAAAAAABBQYW5lbCBBc3NpZ25tZW50ABAACAAAz9QqxgAAABEACAAA0RucBQAAAAEAGAAisdMACX8xAAl/AwAJfcoACThdAAJm+QACAHVNYWNpbnRvc2ggSEQ6VXNlcnM6AEplcmVteToARHJvcGJveDoAU2Nob29sIFN0dWZmOgBDdXJyZW50IENsYXNzZXM6AFBhbmVsIEFzc2lnbm1lbnQ6AEhvb3BlciBldCBhbCBBcHAuIENhIzIyQjIyQy5wZGYAAA4ATAAlAEgAbwBvAHAAZQByACAAZQB0ACAAYQBsACAAQQBwAHAALgAgAEMAYQBzAGUAIABNAGEAbgBhAGcAZQBtAGUAbgB0AC4AcABkAGYADwAaAAwATQBhAGMAaQBuAHQAbwBzAGgAIABIAEQAEgBoVXNlcnMvSmVyZW15L0Ryb3Bib3gvU2Nob29sIFN0dWZmL0N1cnJlbnQgQ2xhc3Nlcy9QYW5lbCBBc3NpZ25tZW50L0hvb3BlciBldCBhbCBBcHAuIENhc2UgTWFuYWdlbWVudC5wZGYAEwABLwAAFQACAA3//wAAgAbSGxwdHlokY2xhc3NuYW1lWCRjbGFzc2VzXU5TTXV0YWJsZURhdGGjHR8gVk5TRGF0YVhOU09iamVjdNIbHCIjXE5TRGljdGlvbmFyeaIiIF8QD05TS2V5ZWRBcmNoaXZlctEmJ1Ryb290gAEACAARABoAIwAtADIANwBAAEYATQBVAGAAZwBqAGwAbgBxAHMAdQB3AIQAjgC2ALsAwwMJAwsDEAMbAyQDMgM2Az0DRgNLA1gDWwNtA3ADdQAAAAAAAAIBAAAAAAAAACgAAAAAAAAAAAAAAAAAAAN3}}

@article{Brown2000,
	Author = {Brown, J Robert and Lee, Allison Herren},
	Date-Added = {2015-03-03 23:37:49 +0000},
	Date-Modified = {2015-03-03 23:37:56 +0000},
	Journal = {Texas Law Review},
	Number = {5},
	Pages = {1037},
	Title = {Neutral assignment of judges at the court of appeals},
	Volume = {78},
	Year = {2000},
	Bdsk-File-1 = {YnBsaXN0MDDUAQIDBAUGJCVYJHZlcnNpb25YJG9iamVjdHNZJGFyY2hpdmVyVCR0b3ASAAGGoKgHCBMUFRYaIVUkbnVsbNMJCgsMDxJXTlMua2V5c1pOUy5vYmplY3RzViRjbGFzc6INDoACgAOiEBGABIAFgAdccmVsYXRpdmVQYXRoWWFsaWFzRGF0YV8QREJyb3duLSAgVGhlIE5ldXRyYWwgQXNzaWdubWVudCBvZiBKdWRnZXMgYXQgdGhlIENvdXJ0IG9mIEFwcGVhbHMucGRm0hcLGBlXTlMuZGF0YU8RAqAAAAAAAqAAAgAADE1hY2ludG9zaCBIRAAAAAAAAAAAAAAAAAAAAM/T8oZIKwAAACKx0x9Ccm93bi0gIFRoZSBOZXV0cmFsICMyNTNCRkMucGRmAAAAAAAAAAAAAAAAAAAAAAAAAAAAAAAAAAAAAAAAAAAAJTv80RuvCgAAAAAAAAAAAAEAAgAACSAAAAAAAAAAAAAAAAAAAAAQUGFuZWwgQXNzaWdubWVudAAQAAgAAM/UKsYAAAARAAgAANEb9VoAAAABABgAIrHTAAl/MQAJfwMACX3KAAk4XQACZvkAAgB1TWFjaW50b3NoIEhEOlVzZXJzOgBKZXJlbXk6AERyb3Bib3g6AFNjaG9vbCBTdHVmZjoAQ3VycmVudCBDbGFzc2VzOgBQYW5lbCBBc3NpZ25tZW50OgBCcm93bi0gIFRoZSBOZXV0cmFsICMyNTNCRkMucGRmAAAOAIoARABCAHIAbwB3AG4ALQAgACAAVABoAGUAIABOAGUAdQB0AHIAYQBsACAAQQBzAHMAaQBnAG4AbQBlAG4AdAAgAG8AZgAgAEoAdQBkAGcAZQBzACAAYQB0ACAAdABoAGUAIABDAG8AdQByAHQAIABvAGYAIABBAHAAcABlAGEAbABzAC4AcABkAGYADwAaAAwATQBhAGMAaQBuAHQAbwBzAGgAIABIAEQAEgCHVXNlcnMvSmVyZW15L0Ryb3Bib3gvU2Nob29sIFN0dWZmL0N1cnJlbnQgQ2xhc3Nlcy9QYW5lbCBBc3NpZ25tZW50L0Jyb3duLSAgVGhlIE5ldXRyYWwgQXNzaWdubWVudCBvZiBKdWRnZXMgYXQgdGhlIENvdXJ0IG9mIEFwcGVhbHMucGRmAAATAAEvAAAVAAIADf//AACABtIbHB0eWiRjbGFzc25hbWVYJGNsYXNzZXNdTlNNdXRhYmxlRGF0YaMdHyBWTlNEYXRhWE5TT2JqZWN00hscIiNcTlNEaWN0aW9uYXJ5oiIgXxAPTlNLZXllZEFyY2hpdmVy0SYnVHJvb3SAAQAIABEAGgAjAC0AMgA3AEAARgBNAFUAYABnAGoAbABuAHEAcwB1AHcAhACOANUA2gDiA4YDiAONA5gDoQOvA7MDugPDA8gD1QPYA+oD7QPyAAAAAAAAAgEAAAAAAAAAKAAAAAAAAAAAAAAAAAAAA/Q=}}

@article{Atkins1974,
	Author = {Burton M. Atkins and William Zavoina},
	Date-Added = {2015-03-03 23:35:51 +0000},
	Date-Modified = {2015-03-03 23:37:04 +0000},
	Journal = {American Journal of Political Science},
	Month = {November},
	Number = {4},
	Pages = {701-711},
	Title = {Judicial Leadership on the Court of Appeals: A Probability Analysis of Panel Assignment in Race Relations Cases on the Fifth Circuit},
	Volume = {18},
	Year = {1974},
	Bdsk-File-1 = {YnBsaXN0MDDUAQIDBAUGJCVYJHZlcnNpb25YJG9iamVjdHNZJGFyY2hpdmVyVCR0b3ASAAGGoKgHCBMUFRYaIVUkbnVsbNMJCgsMDxJXTlMua2V5c1pOUy5vYmplY3RzViRjbGFzc6INDoACgAOiEBGABIAFgAdccmVsYXRpdmVQYXRoWWFsaWFzRGF0YV8QkEF0a2lucy0gSnVkaWNpYWwgTGVhZGVyc2hpcCBvbiB0aGUgQ291cnQgb2YgQXBwZWFsczogQSBQcm9iYWJpbGl0eSBBbmFseXNpcyBvZiBQYW5lbCBBc3NpZ25tZW50IGluIFJhY2UgUmVsYXRpb25zIENhc2VzIG9uIHRoZSBGaWZ0aCBDaXJjdWl0LnBkZtIXCxgZV05TLmRhdGFPEQOEAAAAAAOEAAIAAAxNYWNpbnRvc2ggSEQAAAAAAAAAAAAAAAAAAADP0/KGSCsAAAAisdMfQXRraW5zLSBKdWRpY2lhbCBMZWEjMjJCMjE0LnBkZgAAAAAAAAAAAAAAAAAAAAAAAAAAAAAAAAAAAAAAAAAAACKyFNETV9MAAAAAAAAAAAABAAIAAAkgAAAAAAAAAAAAAAAAAAAAEFBhbmVsIEFzc2lnbm1lbnQAEAAIAADP1CrGAAAAEQAIAADRE54jAAAAAQAYACKx0wAJfzEACX8DAAl9ygAJOF0AAmb5AAIAdU1hY2ludG9zaCBIRDpVc2VyczoASmVyZW15OgBEcm9wYm94OgBTY2hvb2wgU3R1ZmY6AEN1cnJlbnQgQ2xhc3NlczoAUGFuZWwgQXNzaWdubWVudDoAQXRraW5zLSBKdWRpY2lhbCBMZWEjMjJCMjE0LnBkZgAADgEiAJAAQQB0AGsAaQBuAHMALQAgAEoAdQBkAGkAYwBpAGEAbAAgAEwAZQBhAGQAZQByAHMAaABpAHAAIABvAG4AIAB0AGgAZQAgAEMAbwB1AHIAdAAgAG8AZgAgAEEAcABwAGUAYQBsAHMALwAgAEEAIABQAHIAbwBiAGEAYgBpAGwAaQB0AHkAIABBAG4AYQBsAHkAcwBpAHMAIABvAGYAIABQAGEAbgBlAGwAIABBAHMAcwBpAGcAbgBtAGUAbgB0ACAAaQBuACAAUgBhAGMAZQAgAFIAZQBsAGEAdABpAG8AbgBzACAAQwBhAHMAZQBzACAAbwBuACAAdABoAGUAIABGAGkAZgB0AGgAIABDAGkAcgBjAHUAaQB0AC4AcABkAGYADwAaAAwATQBhAGMAaQBuAHQAbwBzAGgAIABIAEQAEgDTVXNlcnMvSmVyZW15L0Ryb3Bib3gvU2Nob29sIFN0dWZmL0N1cnJlbnQgQ2xhc3Nlcy9QYW5lbCBBc3NpZ25tZW50L0F0a2lucy0gSnVkaWNpYWwgTGVhZGVyc2hpcCBvbiB0aGUgQ291cnQgb2YgQXBwZWFsczogQSBQcm9iYWJpbGl0eSBBbmFseXNpcyBvZiBQYW5lbCBBc3NpZ25tZW50IGluIFJhY2UgUmVsYXRpb25zIENhc2VzIG9uIHRoZSBGaWZ0aCBDaXJjdWl0LnBkZgAAEwABLwAAFQACAA3//wAAgAbSGxwdHlokY2xhc3NuYW1lWCRjbGFzc2VzXU5TTXV0YWJsZURhdGGjHR8gVk5TRGF0YVhOU09iamVjdNIbHCIjXE5TRGljdGlvbmFyeaIiIF8QD05TS2V5ZWRBcmNoaXZlctEmJ1Ryb290gAEACAARABoAIwAtADIANwBAAEYATQBVAGAAZwBqAGwAbgBxAHMAdQB3AIQAjgEhASYBLgS2BLgEvQTIBNEE3wTjBOoE8wT4BQUFCAUaBR0FIgAAAAAAAAIBAAAAAAAAACgAAAAAAAAAAAAAAAAAAAUk}}

@unpublished{Chilton2014,
	Author = {Adam S. Chilton and Marin K. Levy},
	Date-Added = {2015-03-03 23:35:51 +0000},
	Date-Modified = {2015-03-04 00:23:47 +0000},
	Title = {Challenging the Randomness of Panel Assignment in the Federal Courts of Appeal},
	Year = {2014},
	Bdsk-File-1 = {YnBsaXN0MDDUAQIDBAUGJCVYJHZlcnNpb25YJG9iamVjdHNZJGFyY2hpdmVyVCR0b3ASAAGGoKgHCBMUFRYaIVUkbnVsbNMJCgsMDxJXTlMua2V5c1pOUy5vYmplY3RzViRjbGFzc6INDoACgAOiEBGABIAFgAdccmVsYXRpdmVQYXRoWWFsaWFzRGF0YV8QXENoaWx0b24tIENIQUxMRU5HSU5HIFRIRSBSQU5ET01ORVNTIE9GIFBBTkVMIEFTU0lHTk1FTlQgSU4gVEhFIEZFREVSQUwgQ09VUlRTIE9GIEFQUEVBTFMucGRm0hcLGBlXTlMuZGF0YU8RAugAAAAAAugAAgAADE1hY2ludG9zaCBIRAAAAAAAAAAAAAAAAAAAAM/T8oZIKwAAACKx0x9DaGlsdG9uLSBDSEFMTEVOR0lORyMyMkIyMUMucGRmAAAAAAAAAAAAAAAAAAAAAAAAAAAAAAAAAAAAAAAAAAAAIrIc0RTCigAAAAAAAAAAAAEAAgAACSAAAAAAAAAAAAAAAAAAAAAQUGFuZWwgQXNzaWdubWVudAAQAAgAAM/UKsYAAAARAAgAANEVCNoAAAABABgAIrHTAAl/MQAJfwMACX3KAAk4XQACZvkAAgB1TWFjaW50b3NoIEhEOlVzZXJzOgBKZXJlbXk6AERyb3Bib3g6AFNjaG9vbCBTdHVmZjoAQ3VycmVudCBDbGFzc2VzOgBQYW5lbCBBc3NpZ25tZW50OgBDaGlsdG9uLSBDSEFMTEVOR0lORyMyMkIyMUMucGRmAAAOALoAXABDAGgAaQBsAHQAbwBuAC0AIABDAEgAQQBMAEwARQBOAEcASQBOAEcAIABUAEgARQAgAFIAQQBOAEQATwBNAE4ARQBTAFMAIABPAEYAIABQAEEATgBFAEwAIABBAFMAUwBJAEcATgBNAEUATgBUACAASQBOACAAVABIAEUAIABGAEUARABFAFIAQQBMACAAQwBPAFUAUgBUAFMAIABPAEYAIABBAFAAUABFAEEATABTAC4AcABkAGYADwAaAAwATQBhAGMAaQBuAHQAbwBzAGgAIABIAEQAEgCfVXNlcnMvSmVyZW15L0Ryb3Bib3gvU2Nob29sIFN0dWZmL0N1cnJlbnQgQ2xhc3Nlcy9QYW5lbCBBc3NpZ25tZW50L0NoaWx0b24tIENIQUxMRU5HSU5HIFRIRSBSQU5ET01ORVNTIE9GIFBBTkVMIEFTU0lHTk1FTlQgSU4gVEhFIEZFREVSQUwgQ09VUlRTIE9GIEFQUEVBTFMucGRmAAATAAEvAAAVAAIADf//AACABtIbHB0eWiRjbGFzc25hbWVYJGNsYXNzZXNdTlNNdXRhYmxlRGF0YaMdHyBWTlNEYXRhWE5TT2JqZWN00hscIiNcTlNEaWN0aW9uYXJ5oiIgXxAPTlNLZXllZEFyY2hpdmVy0SYnVHJvb3SAAQAIABEAGgAjAC0AMgA3AEAARgBNAFUAYABnAGoAbABuAHEAcwB1AHcAhACOAO0A8gD6A+YD6APtA/gEAQQPBBMEGgQjBCgENQQ4BEoETQRSAAAAAAAAAgEAAAAAAAAAKAAAAAAAAAAAAAAAAAAABFQ=}}
